3719 5650
1519 733 2010 801 -71—

637 915 849 986 sum3
922 889 1094 967 veni
1156 888 1236 966 in
1294 887 1583 979 Ni-ah,
1645 886 1915 966 fortem
1973 887 2362 966 civitatem
2405 916 2425 967 t
2480 916 2882 970 accessum

637 1010 783 1090 mei
839 1009 1164 1113 potentis
1216 1008 1593 1086 exercitus
1642 1007 1866 1102 vidit,
1926 1012 2002 1085 et
2069 1006 2332 1086 Ni-alz
2401 1009 2747 1113 reliquit,
2811 1017 2889 1091 et

640 1128 940 1233 aufugit
992 1153 1263 1205 versus
1333 1126 1624 1230 Kipkip
1688 1124 1839 1232 (1).
1910 1156 1948 1200 ›
2018 1128 2134 1204 Ita
2201 1126 2665 1232 descriptum
2741 1131 2888 1210 iter

638 1246 1003 1351 assyriaci
1081 1244 1457 1324 exercitus
1523 1245 1719 1323 viam
1780 1245 2033 1348 palam
2096 1245 2422 1349 profert,
2490 1272 2628 1325 nec
2693 1250 2892 1352 pati-

640 1373 765 1447 tur
830 1371 917 1444 ut
986 1366 1104 1444 No
1181 1391 1352 1443 cum
1418 1364 1755 1469 Diospoli
1828 1371 1963 1444 aut
2035 1365 2185 1445 alia
2255 1370 2439 1447 urbe
2513 1369 2592 1445 in
2668 1370 2893 1448 Delta

645 1512 883 1565 unum
920 1490 998 1563 et
1045 1483 1241 1562 idem
1290 1483 1584 1562 efficere
1621 1484 1889 1586 possit,
1926 1509 2162 1587 quum
2200 1485 2318 1562 No
2365 1487 2457 1564 ad
2497 1488 2890 1571 meridiem

638 1604 1017 1707 Memphis
1057 1604 1289 1681 situm
1327 1603 1686 1682 declaret.

751 1723 828 1830 b)
883 1724 1039 1801 Nec
1077 1721 1330 1800 minus
1391 1722 1486 1799 ad
1536 1721 2133 1825 dignoscendum
2194 1724 2600 1802 No-Amon
2663 1726 2895 1805 situm

644 1843 1030 1920 invenitur
1082 1842 1600 1943 adjumentum
1656 1840 1731 1918 in
1790 1840 2032 1919 altera
2101 1843 2442 1945 eJusdem
2509 1846 2895 1924 Assurba-

647 1961 915 2065 nipalis
988 1960 1472 2063 inscriptione
1542 1985 1749 2063 quae,
1835 1960 2094 2063 praelio
2170 1961 2490 2059 indicte,
2558 1965 2811 2042 subdit
2867 1992 2887 2043 ε

654 2111 692 2155 ‹
735 2081 1158 2161 Urdamani
1198 2079 1498 2182 aufugit
1535 2079 1740 2157 solus
1778 2085 1854 2156 et
1892 2078 2283 2181 ingressus
2321 2087 2437 2157 est
2474 2083 2552 2157 in
2594 2081 2684 2160 N
2687 2084 2886 2179 i-ah,

649 2204 912 2280 urbem
944 2225 1159 2278 suam
1189 2198 1502 2303 regiam.
1552 2201 1706 2277 Per
1742 2199 1892 2277 iter
1935 2199 2162 2276 unius
2201 2200 2484 2277 mensis
2524 2208 2599 2279 et
2637 2203 2895 2281 decem

653 2320 969 2415 dierum,
1007 2325 1176 2421 post
1203 2345 1380 2396 eum
1407 2318 1884 2396 advenerunt
1912 2317 1989 2395 iu
2018 2318 2348 2395 medium
2377 2318 2471 2397 N
2471 2320 2638 2397 ί-αΙι
2667 2319 2816 2425 (2).
2854 2351 2891 2398 »

650 2439 794 2516 Hic
887 2463 1070 2516 vero
1138 2463 1499 2517 numerus
1584 2438 1876 2514 dierum
1952 2438 2176 2540 plane
2247 2440 2652 2517 concordat
2725 2467 2898 2519 cum

652 2556 1059 2635 intervallo
1088 2557 1285 2659 quod
1314 2557 1648 2634 medium
1680 2561 1797 2633 est
1831 2556 2218 2658 Memphin
2244 2556 2441 2635 inter
2467 2561 2545 2636 et
2566 2559 2894 2658 ThebaS,

654 2678 963 2755 attentis
1003 2676 1293 2755 itineris
1330 2675 1883 2780 impedimentis
1923 2674 2072 2782 (3).

764 2796 1126 2892 Tandem,
1192 2795 1550 2898 quidquid
1603 2795 2072 2874 contradicat
2125 2795 2474 2899 Brugsoh
2527 2796 2677 2902 (4),
2724 2799 2903 2902 quia

656 2915 1119 2994 describitur
1156 2917 1336 2993 urbs
1383 2942 1430 2993 a
1477 2915 1841 3018 propheta
1899 2914 2115 3016 quasi
2170 2916 2373 2993 inter
2429 2916 2582 2994 Nili
2648 2943 2901 2996 ramos

655 3037 943 3138 jacens,
990 3037 1209 3138 cujus
1265 3035 1515 3112 virtus
1566 3039 1644 3111 et
1699 3058 1965 3111 murus
2015 3033 2235 3113 Nilus
2298 3040 2441 3131 est,
2488 3061 2662 3113 cum
2724 3037 2904 3114 solis

657 3153 962 3250 Thebis,
1014 3154 1093 3231 in
1142 3158 1471 3256 utraque
1527 3153 1871 3231 fluminis
1927 3153 2096 3257 ripa
2159 3154 2449 3257 positiS,
2496 3155 2902 3234 confundi-

657 3276 787 3351 tur
822 3272 969 3378 (5).
1018 3274 1238 3352 Unde
1289 3274 1561 3352 merito
1599 3272 2040 3351 concludere
2080 3271 2194 3351 fas
2236 3278 2378 3369 est,
2423 3275 2904 3353 Assurbani-

662 3537 678 3588 ¹
724 3465 794 3529 (ἱ)
829 3464 1118 3531 Inscriptio
1140 3463 1473 3516 annalistica
1491 3464 1726 3529 cylindri
1747 3465 1998 3515 Bassam.
2013 3469 2090 3518 W.
2109 3468 2175 3516 A.
2200 3467 2268 3524 Ι..
2288 3471 2415 3516 tom.
2432 3465 2497 3524 V.
2519 3466 2628 3518 tab.
2647 3471 2695 3531 Ξ,
2714 3466 2819 3517 eol.
2842 3468 2913 3531 11,

686 3574 702 3590 .
732 3545 810 3600 28,
834 3543 914 3592 ³7.

728 3626 797 3689 (2)
832 3625 896 3676 G.
927 3625 1119 3689 Sum,
1151 3625 1376 3688 History
1404 3624 1465 3688 os
1486 3625 1893 3689 Assurbanipal,
1917 3639 1969 3689 p.
1995 3627 2078 3674 55.

727 3713 798 3778 (3)
834 3713 914 3764 Cf.
944 3713 1182 3772 oppam,
1223 3711 1475 3765 Memoire
1596 3728 1648 3777 p.
1677 3716 1758 3772 85,
1786 3712 1870 3763 97.
1907 3738 1970 3751 -
2018 3711 2292 3777 Bauoscn,
2323 3712 2416 3764 Die
2448 3714 2775 3778 Geoqraphie
2818 3714 2907 3768 des

674 3788 831 3841 Alten
855 3790 1161 3852 AEqyptens.

728 3875 805 3937 (ι)
839 3874 1112 3933 Bauoscn,
1135 3874 1504 3926 Dictionnaire
1532 3873 1918 3939 yeoyraphique
1939 3872 1999 3924 de
2023 3872 2328 3925 l'Ancienne
2357 3859 2576 3939 egypto,
2608 3889 2661 3938 p.
2683 3878 2794 3926 291.

729 3962 802 4027 (5)
831 3962 1099 4016 Bnooscn.
1128 3961 1543 4025 Geoyraphische
1565 3960 1887 4023 Inschristen
1909 3959 2332 4023 attaeqypeischer
2352 3959 2696 4024 Deulmzoelm
2722 3969 2854 4013 tom.
2874 3963 2916 4023 Ι,

669 4050 721 4101 p.
751 4040 941 4087 ¹75.-
967 4035 1033 4084 Et
1059 4036 1105 4085 si
1140 4035 1221 4084 fae
1241 4042 1325 4085 eet
1351 4035 1532 4084 adhuc
1560 4035 1749 4100 aliqua
1775 4049 1837 4084 ex
1867 4034 2062 4083 intimo
2084 4034 2391 4099 nuperrimi
2414 4036 2519 4084 mei
2545 4036 2599 4085 in
2619 4037 2919 4102 AEgyptum

670 4110 887 4160 itineris
908 4108 1088 4159 diario
1104 4109 1446 4173 depromere.
1467 4109 1587 4158 hoec
1618 4107 1671 4157 in
1694 4108 1803 4157 situ
1832 4107 2010 4157 Luxor
2035 4108 2240 4172 scripta
2269 4107 2535 4157 referam:

735 4203 763 4232 α
781 4190 810 4236 9
830 4184 968 4235 avril
1000 4188 1204 4235 isam...
1230 4182 1537 4233 Delicieuee
1558 4184 1760 4233 eoiree!
1784 4182 1992 4232 Adoese
2016 4189 2204 4233 contre
2231 4197 2335 4232 une
2357 4182 2590 4233 colonne
2616 4183 2688 4233 du
2719 4184 2922 4249 temple

675 4259 741 4310 de
764 4258 1038 4323 Luxor,Je
1060 4258 1177 4308 vois
1198 4257 1248 4308 le
1267 4257 1357 4306 Nil
1380 4257 1570 4307 couler
1591 4258 2115 4321 majestueueement
2136 4260 2167 4306 a
2187 4272 2302 4306 mee
2327 4257 2502 4322 piede,
2522 4272 2592 4307 au
2620 4259 2807 4308 milieu
2830 4260 2928 4309 des

674 4333 986 4385 merveillee
1005 4333 1136 4399 qu'il
1162 4347 1195 4382 a
1214 4335 1412 4384 creeee.
1431 4333 1495 4382 Je
1519 4332 1775 4382 voudrais
1799 4332 2026 4397 pouvoir
2056 4342 2332 4382 remonter
2356 4333 2404 4382 le
2426 4347 2587 4383 court
2612 4333 2706 4383 des
2731 4334 2927 4385 sieclee

678 4418 734 4460 et
775 4409 987 4459 res-ivre
1017 4408 1153 4458 dane
1185 4413 1327 4457 cette
1375 4407 1586 4456 Thebes
1635 4421 1741 4456 aux
1795 4413 1922 4456 cent
1969 4412 2151 4470 portes
2171 4443 2184 4462 .
2234 4420 2340 4470 que
2377 4406 2427 4455 le
2475 4405 2648 4456 fleuve
2698 4415 2928 4458 entoure

677 4498 888 4534 comme
916 4482 1077 4533 d’une
1105 4482 1432 4534 ceinture....
1482 4482 1736 4532 Derriere
1780 4480 1911 4544 moi,
1948 4495 2077 4531 eoue
2113 4496 2186 4530 un
2223 4481 2326 4531 ciel
2363 4480 2549 4530 d’azur
2578 4496 2683 4546 que
2717 4482 2769 4531 la
2809 4484 2930 4535 nuit

680 4558 856 4609 meme
888 4573 954 4608 ne
983 4558 1195 4609 eaurait
1220 4556 1521 4616 obscur-cir,
1551 4572 1609 4607 ee
1636 4557 1864 4606 detache
1891 4571 1996 4605 une
2021 4555 2160 4605 soret
2184 4555 2250 4604 de
2279 4553 2524 4619 pyloues.
2547 4556 2931 4622 d‘obeliequee‚

680 4633 748 4685 de
772 4639 975 4685 statues
1005 4633 1427 4699 gigantesquee:
1455 4632 1586 4683 c'eet
1614 4630 1861 4692 Karnak,
1892 4632 1960 4682 ou
1987 4634 2042 4694 je
2068 4631 2214 4682 croie
2235 4632 2352 4682 voir
2381 4646 2576 4682 encore
2606 4633 2658 4682 la
2689 4633 2836 4683 soule
2865 4648 2924 4686 ee
