3719 5650
1760 680 2250 743 -74-

884 830 1124 908 riacas
1161 832 1268 909 ita
1322 833 1401 910 in
1452 835 1782 912 deterius
1841 836 2094 939 lapsas
2146 837 2710 933 animadvertit,
2777 846 2865 915 ut
2905 842 3125 915 vetus

884 952 1208 1054 AEgypti
1252 954 1332 1028 in
1374 953 1673 1056 Syriam
1710 954 2111 1058 imperium
2150 981 2596 1057 recuperare
2635 956 3060 1059 speraverit
3098 982 3115 1035 :

883 1069 1060 1147 hinc
1101 1096 1326 1148 suum
1350 1073 1768 1150 exercitum
1793 1081 2008 1150 trans
2039 1074 2573 1152 Mediterranei
2611 1075 2840 1151 maris
2865 1075 3124 1152 littora

881 1187 1101 1265 duxit
1138 1215 1272 1293 per
1309 1191 1792 1269 notissimum
1842 1192 2018 1286 iter,
2062 1193 2261 1294 quod
2289 1196 2455 1295 jam
2504 1219 2551 1269 a
2599 1194 3120 1271 pharaonibus

880 1308 1136 1386 XVIII
1190 1315 1268 1387 et
1329 1311 1520 1388 XIX
1581 1311 1949 1414 dynastiae
2016 1312 2284 1388 tritum
2352 1311 2627 1391 fuerat.
2696 1313 2986 1390 Josiam
3040 1315 3120 1390 in

877 1451 1140 1530 campo
1203 1428 1574 1531 Mageddo
1660 1430 2133 1533 profligavit,
2206 1436 2282 1508 et
2355 1433 2451 1508 ad
2522 1432 3117 1534 septentrionem

877 1571 1145 1623 versus
1195 1551 1405 1624 trans
1455 1547 1895 1626 Charcamis
1946 1548 2067 1653 (l)
2104 1549 2273 1643 ivit,
2313 1549 2898 1652 Euphratenque
2949 1558 3116 1629 tan-

877 1666 1047 1741 dem
1106 1665 1346 1742 victor
1387 1666 1668 1769 attigit.
1725 1668 1912 1754 Quae
1969 1673 2229 1746 autem
2280 1668 2566 1772 inclyta
2604 1670 2920 1746 victoria
2982 1695 3117 1772 per

874 1789 1030 1861 tres
1079 1785 1322 1862 solum
1378 1787 1596 1863 modo
1654 1812 1894 1866 annos
1954 1787 2253 1865 felicem
2293 1787 2646 1866 effectum
2699 1789 3027 1866 obtinuit
3087 1816 3105 1867 t

872 1929 1071 1981 anno
1129 1905 1329 1982 enim
1384 1906 1569 2002 605,
1629 1908 2355 2004 Nabuchodonosor,
2410 1936 2456 1986 a
2515 1915 2730 2011 patre
2780 1910 3105 2004 missuS‚

872 2023 1175 2101 Nechao
1242 2049 1502 2126 regem
1579 2026 1675 2103 ad
1756 2026 2200 2106 Charcamis
2281 2029 2716 2130 superavit,
2792 2053 3114 2130 eumque

870 2169 1110 2246 usque
1149 2145 1246 2222 ad
1288 2146 1612 2248 AEgypti
1671 2148 1856 2224 fines
1920 2152 2365 2249 prosecutus
2413 2148 2737 2226 amissas
2787 2152 3106 2251 provin-

869 2263 1022 2340 cias
1072 2266 1150 2340 vi
1194 2267 1699 2368 recuperavit.

967 2644 1253 2720 XXIII.
1318 2689 1411 2700 —
1471 2643 1854 2745 Propheta
1898 2666 2082 2719 vero
2124 2666 2274 2718 non
2327 2642 2513 2719 satis
2571 2641 2776 2718 ducit
2817 2640 3106 2719 cladem

863 2763 1136 2866 populo
1196 2762 1623 2867 aegyptiaco
1702 2775 1915 2840 ext-ra
2003 2786 2181 2839 suos
2248 2761 2520 2839 limites
2590 2760 3102 2865 progredienti

851 2883 1125 2960 minari
1204 2909 1222 2959 ε
1306 2908 1456 2960 non
1530 2882 1773 2960 solum
1846 2881 1990 2983 ipsi
2060 2889 2460 2958 evanescet
2538 2879 2851 2957 dominii
2926 2905 3095 2980 spes

857 3003 935 3078 in
991 3004 1280 3094 Asiam,
1343 3002 1473 3079 sed
1510 3007 1583 3079 et
1634 3026 1775 3078 sua
1811 3000 2020 3102 regio
2077 2998 2241 3101 ipsa
2296 2999 2755 3076 vastabitur.
2820 3026 2856 3071 ‹
2911 2999 3097 3076 Haec

853 3124 1037 3203 dicit
1074 3125 1443 3204 Dominus
1489 3150 1507 3202 t
1553 3149 1724 3201 ecce
1753 3147 1893 3224 ego
1931 3120 2226 3198 tradam
2256 3121 2736 3198 Pharaonem
2766 3120 3089 3222 Ephroe‚

851 3267 1107 3344 regem
1146 3243 1499 3345 AEgypti‚
1535 3242 1614 3319 in
1650 3266 1883 3317 manu
1914 3239 2387 3316 inimicorum
2420 3241 2583 3339 ejus
2623 3242 2700 3314 et
2737 3238 2813 3313 in
2860 3264 3093 3316 manu

852 3364 1353 3462 quaerentium
1401 3361 1729 3437 animam
1770 3357 1921 3464 (2).
1992 3387 2028 3430 »

958 3480 1366 3559 Successor
1432 3481 1630 3557 enim
1689 3477 2251 3564 Psammetichi,
2304 3477 2692 3560 Ouhabra.
2738 3475 3090 3552 hebraice

847 3630 1014 3703 :epesi
1078 3605 1205 3702 qui
1265 3601 1347 3678 in
1414 3601 1758 3701 Vulgata
1808 3597 2120 3698 Ephree
2177 3605 2253 3674 et
2312 3624 2358 3673 a
2427 3596 2718 3673 Graecis
2791 3593 3090 3696 Apries

844 3695 1309 3813 nominatur,
1357 3722 1541 3796 adeo
1584 3719 1950 3796 bellorum
1989 3717 2304 3820 cupidus
2341 3723 2534 3811 erat,
2572 3721 2657 3793 ut
2693 3715 2768 3792 in
2807 3738 3086 3791 novam

842 3839 1214 3915 adversus
1271 3839 1709 3940 Babyloniae
1770 3861 2027 3939 regem
2079 3837 2711 3939 conspirationem
2754 3857 3084 3937 praeceps

843 3959 1111 4035 ruerit.
1174 3958 1318 4034 Hic
1356 3963 1610 4034 autem
1660 3955 2148 4033 Palaestinam
2188 3960 2264 4032 et
2323 3961 2584 4057 postea
2648 3955 3079 4055 AEgyptum

841 4076 1144 4155 invasit.
1185 4077 1266 4154 Si
1303 4077 1348 4154 J
1355 4076 1631 4179 osepho
1670 4076 1851 4152 fides
1891 4075 2316 4153 adhibenda
2357 4073 2483 4168 sit,
2514 4075 2558 4150 J
2567 4073 2868 4150 eremiae
2900 4092 3082 4172 pro-

841 4197 1094 4299 phetia
1147 4195 1503 4275 effectum
1539 4196 1987 4274 obtinuisset
2029 4195 2359 4297 quinque
2400 4194 2617 4271 annis
2660 4194 2830 4295 post
2866 4187 3075 4266 dele-

896 4427 973 4491 (1)
1010 4427 1085 4476 De
1104 4427 1420 4479 Chat-camis
1444 4431 1567 4491 situ,
1588 4428 1655 4479 cs.
1677 4428 1954 4489 Mastane,
1973 4429 2042 4477 De
2062 4425 2364 4477 Carchemis
2383 4423 2566 4488 oppidi
2583 4423 2716 4481 situ,
2739 4416 3076 4482 Paris‚1873.

828 4530 891 4540 —-
926 4502 1261 4562 Vmovnoux,
1285 4505 1361 4553 La
1393 4505 1535 4556 Bible
1559 4507 1607 4555 et
1633 4504 1702 4555 les
1730 4503 2082 4561 de‘couvertes,
2108 4506 2239 4550 tom.
2270 4499 2362 4563 IV,
2398 4514 2448 4563 p.
2479 4501 2588 4548 289.

892 4592 963 4657 (Ξ)
995 4592 1142 4649 Jnn„
1167 4605 1310 4653 κων,
1340 4592 1419 4640 30.

3025 4684 3064 4694 ὴ-
