3719 5650
1668 721 2203 787 —204—

1832 927 2028 998 XVl

910 1093 1024 1159 Ex
1074 1086 1414 1180 originali
1452 1086 1664 1162 textu
1705 1088 1889 1158 Gen.
1931 1086 2137 1177 XIH,
2191 1092 2287 1166 15,
2329 1104 2480 1158 non
2534 1082 2784 1156 minus
2834 1102 3054 1176 quam

809 1232 905 1284 ex
939 1208 1282 1282 versione
1305 1207 1636 1303 Vulgata
1661 1206 2078 1302 theologice
2114 1205 2505 1280 deducitur
2539 1202 3062 1278 immaculatus

815 1330 1149 1426 Virginis
1175 1328 1522 1426 Deiparae
1570 1332 1996 1425 conceptus,
2096 1344 2121 1363 ··

1804 1522 2053 1593 XVII

905 1680 1020 1751 Ex
1063 1677 1323 1755 verbis,
1353 1678 1864 1772 promissionis
1905 1679 2126 1753 Joan.
2179 1682 2308 1769 VI,
2345 1664 2442 1748 48'
2471 1701 2667 1774 sqq.,
2709 1678 3059 1751 demons-

804 1801 1050 1875 tratur
1090 1804 1181 1875 D.
1240 1803 1337 1875 N.
1384 1804 1563 1877 Jesu
1612 1802 1887 1876 Christi
1948 1824 2217 1897 corpus
2256 1808 2330 1878 et
2373 1801 2819 1897 sanguinem
2851 1819 3051 1888 vere,

808 1924 1111 1999 realiter
1155 1924 1237 1999 et
1281 1925 1899 2014 substantialiter,
1954 1927 2091 1999 sub
2131 1927 2517 2022 speciebus
2560 1920 3061 1999 eucharisticis

809 2047 1201 2123 contineri.
1806 2138 1813 2144 ·

1797 2176 2076 2248 XVIII

903 2333 1198 2425 Dogma
1268 2329 1486 2420 fidei,
1566 2331 1984 2407 attribuens
2060 2334 2406 2429 conjugio
2486 2331 3076 2409 chriStianorurnw

809 2453 1229 2527 realitatem
1266 2454 1344 2527 et
1376 2453 1813 2547 dignitatem
1861 2457 2506 2545 sacramentalem,
2556 2475 2706 2529 non
2762 2452 3056 2546 quidem

807 2597 1156 2670 expresse
1197 2577 1628 2652 enuntiatur
1675 2580 1921 2654 verbis
1958 2580 2287 2675 Apostoli
2332 2602 2349 2653 ε
2411 2607 2446 2649 <
2494 2580 3056 2653 Sacramentum

810 2702 953 2774 hoc
1009 2721 1372 2794 magnum
1460 2704 1575 2776 est
1610 2728 1647 2773 >
1710 2706 1963 2796 (Epa,
2026 2707 2111 2786 V,
2149 2706 2286 2798 32),
2350 2707 2479 2778 sed
2549 2725 2644 2776 ex
2709 2706 3060 2776 contextu

810 2824 1123 2919 hujusce
1152 2823 1492 2900 formulae
1540 2848 1690 2900 non
1729 2829 2042 2903 obscure
2070 2829 2482 2904 deducitur.

1837 3013 2041 3084 XIX

911 3171 1064 3245 Sub
1116 3171 1275 3263 ipso
1313 3173 1577 3245 mnndi
1611 3174 1944 3261 exordio,
1994 3175 2261 3267 dogma
2295 3174 2659 3249 libertatis
2711 3175 3061 3248 humanae

811 3296 888 3366 et
966 3292 1292 3366 officium
1360 3294 1718 3368 subdendi
1774 3295 2151 3387 passiones
2212 3296 2677 3371 conscientiae
2715 3295 3060 3369 rationali

808 3417 1238 3492 solemniter
1278 3417 1515 3511 primo
1572 3419 1960 3493 homicidae
2001 3419 2441 3493 intimantur
2482 3442 2499 3493 ε
2559 3447 2596 3491 ‹
2641 3421 2783 3494 Sed
2813 3419 2950 3492 sub
2985 3420 3060 3493 te

807 3540 951 3614 erit
1048 3540 1417 3633 appetitus
1515 3539 1711 3634 ejuS,
1818 3544 1895 3615 et
1984 3547 2066 3615 tu
2155 3542 2652 3617 dominaberis
2753 3542 2976 3614 illius.
3013 3567 3049 3608 »

813 3666 1068 3756 (Gau,
1108 3667 1226 3745 IV,
1275 3664 1367 3758 7).

1859 3817 2020 3887 XX

911 3972 1129 4045 Fides
1202 3973 1479 4066 optime
1543 3995 1587 4047 a
1669 3973 1902 4046 Paulo
1973 3973 2414 4047 describitur
2496 3974 2743 4069 (Hae,
2818 3977 2949 4054 XI,
3000 3974 3059 4067 1)

808 4098 1164 4189 tanquam
1210 4094 1423 4167 nobis
1473 4096 1829 4169 exhibens
1886 4095 2233 4182 (ὑπόστασις)
2293 4096 2490 4169 hona
2538 4119 2705 4191 quae
2749 4118 3060 4191 Speran-

809 4220 935 4292 tur
986 4222 1060 4290 et
1112 4219 1470 4312 tanquam
1526 4223 2058 4313 argumentum
2114 4220 2435 4305 (ἕλε-(κς),
2488 4220 2742 4315 utique
2804 4242 3055 4315 super-

811 4342 1178 4433 naturale,
1230 4341 1634 4417 veritatum
1685 4341 1958 4414 rationi
1999 4363 2150 4415 non
2197 4343 2746 4437 apparentium.

1735 4612 2139 4623 —————-—.
