3719 5650
1472 728 2008 794 -123—

626 884 961 959 ceterum
992 882 1599 985 interpretationi
1628 881 1965 986 perfecte
1995 890 2415 962 consonant
2467 891 2701 988 portae
2732 887 2875 963 flu-

632 1000 924 1083 viorum
960 1005 1274 1104 apertae,
1325 1002 1546 1081 obvio
1596 1028 1823 1080 sensu
1885 1000 2322 1080 intellectae.
2391 1004 2625 1082 Nulla
2677 1005 2878 1082 enim

629 1142 863 1195 causa
900 1120 1154 1214 datur,
1201 1146 1339 1197 cur
1386 1119 1559 1198 illos
1612 1120 1994 1198 contortoS
2056 1147 2331 1198 sensus
2383 1148 2871 1225 usurpemuS,

631 1236 903 1339 quibus
939 1237 1470 1341 intelliguntur
1505 1241 1751 1316 turbae
1788 1239 2126 1316 hostium
2180 1242 2446 1318 urbem
2486 1241 2872 1337 fluctibuS,

630 1362 717 1433 ut
771 1358 881 1434 ita
935 1358 1210 1452 dicam,
1282 1357 1642 1443 humanis
1690 1356 2240 1450 invadentium,
2283 1361 2420 1435 aut
2462 1359 2669 1437 urbis
2733 1360 2878 1438 viae

629 1477 895 1554 iisdem
948 1477 1190 1555 turbis
1233 1477 1562 1574 refertae,
1612 1482 1750 1556 aut
1784 1482 2186 1555 cataractae
2233 1504 2400 1580 quae
2445 1505 2621 1556 cum
2668 1482 2879 1558 urbis

632 1596 1019 1674 canalibus
1050 1599 1212 1699 conj
1226 1602 1649 1701 unguntur.
1678 1597 2240 1674 Translationes
2271 1597 2471 1674 enim
2510 1624 2882 1702 usurpare

628 1741 779 1793 non
820 1715 1021 1812 licet,
1068 1716 1216 1794 nisi
1253 1742 1376 1794 res
1414 1716 1635 1793 aliter
1674 1716 2041 1819 explicari
2083 1724 2496 1818 nequeant.

738 1837 895 1913 Nec
960 1836 1208 1938 magis
1275 1836 1565 1913 arridet
1603 1835 1732 1912 illa
1791 1834 2119 1931 theoria,
2167 1861 2318 1938 qua
2354 1841 2591 1939 portae
2632 1840 2877 1917 flumi-

631 1979 817 2031 num
872 1966 1108 2058 portae
1174 1963 1353 2031 sunt
1420 1954 1513 2032 ad
1575 1979 1810 2057 aquas
1880 1953 2052 2031 sitae
2111 1958 2187 2031 et
2236 1959 2393 2032 tam
2434 1961 2599 2033 arte
2655 1983 2880 2058 quam

632 2080 912 2152 natura
949 2074 1264 2152 munitae
1304 2074 1451 2179 (1).
1496 2076 1740 2151 Recte
1769 2073 1971 2153 enim
2006 2073 2552 2151 animadvertit
2590 2076 2884 2154 Rosen-

634 2193 911 2271 miiller
976 2193 1292 2271 stultum
1358 2193 1788 2270 ducendum
1848 2190 2087 2268 fuisse
2150 2191 2363 2268 illum
2428 2192 2552 2294 qui
2619 2202 2885 2273 contra

634 2316 830 2393 hanc
868 2314 1355 2392 munitiorem
1399 2313 1609 2390 urbis
1659 2316 1956 2415 partem
1991 2311 2411 2389 tentamina
2448 2313 2873 2392 direxisset.

744 2435 968 2515 Unde
1026 2433 1268 2510 multo
1320 2432 1569 2536 magis
1625 2431 1871 2534 placet
1918 2429 2047 2508 illa
2115 2430 2638 2535 interpretatio
2712 2459 2879 2535 quae

633 2555 910 2647 verba,
991 2563 1080 2630 ut
1142 2556 1455 2646 sonant,
1532 2549 1833 2652 accipit.
1902 2548 2096 2634 Quid
2153 2548 2352 2626 enim
2413 2550 2620 2628 aliud
2696 2560 2912 2628 sunt'

629 2684 882 2775 portoe
903 2671 1272 2766 fluminiS,
1305 2669 1451 2746 nisi
1480 2669 1719 2773 ipsius
1748 2668 2108 2764 claustra,
2145 2692 2311 2770 quae
2336 2670 2613 2748 molem
2638 2695 2879 2773 aqua-

635 2815 805 2869 rum
842 2790 1043 2868 intra
1107 2789 1342 2892 ipsius
1403 2788 1735 2884 alveum,
1783 2787 2009 2891 quasi
2057 2787 2295 2890 portis
2341 2787 2651 2886 clausiS‚
2695 2790 2877 2869 reti-

633 2913 870 2989 nent?
941 2912 1150 2997 Quas
1222 2908 1527 3011 quidem
1592 2912 1892 3011 apertas
1958 2907 2210 2986 dicere
2274 2909 2588 3011 poteriS‚
2636 2935 2876 3011 quum

640 3055 913 3133 aggere
953 3031 1299 3131 disrupto
1329 3052 1463 3131 per
1515 3051 1760 3129 aquas
1811 3027 2267 3105 inundantes
2321 3026 2605 3105 fluvius
2651 3052 2877 3131 super

635 3151 837 3253 ripas
864 3149 1016 3227 late
1054 3147 1465 3226 effunditur
1503 3145 1650 3251 (2).

741 3441 982 3518 XLV.
1033 3484 1136 3497 —-
1185 3438 1580 3532 Ceterum,
1636 3436 1858 3514 obvia
1897 3436 2062 3512 haec
2121 3436 2526 3539 verbisque
2581 3460 2877 3515 accom-

637 3561 942 3638 modata
1014 3557 1409 3661 explicatio
1475 3556 1802 3659 perfecte
1854 3554 2193 3632 historiae
2258 3556 2483 3632 dictis
2551 3581 2872 3634 consen-

633 3685 858 3756 tanea
918 3683 1063 3756 est.
1131 3678 1466 3777 Antiqua
1501 3675 1728 3769 enim,
1786 3677 2013 3774 juxta
2065 3674 2478 3752 Diodorum
2519 3676 2666 3779 (3),
2710 3681 2876 3754 erat

633 3797 1014 3902 praedictio
1027 3797 1352 3874 Niniven
1374 3801 1551 3871 tunc
1577 3793 2091 3871 debellandam
2117 3818 2312 3889 esse,
2332 3820 2566 3896 quum
2590 3795 2873 3873 fluvius

633 3918 713 3993 in
744 3918 1040 3994 hostem
1078 3915 1413 3992 civitatis
1459 3916 1918 3990 verteretur.
1960 3913 2120 3990 Nec
2164 3913 2374 3991 aliud
2412 3915 2756 3993 innuitur
2784 3917 2875 3995 de

636 4034 1135 4140 possibilitate
1175 4035 1492 4136 hujusce
1533 4037 1889 4129 eventus,
1935 4032 2002 4109 si
2039 4035 2117 4111 in
2146 4036 2588 4112 memoriam
2639 4062 2868 4113 revo-

635 4328 648 4339 “
697 4253 771 4377 (21)
805 4251 881 4375 ῗῖΐ.
937 4252 1091 4311 Κειι,
1139 4253 1274 4304 Bim.
1337 4254 1679 4306 commentar
1733 4250 1864 4300 iiber
1924 4251 2008 4302 die
2063 4240 2228 4316 ztcc'ils
2281 4254 2499 4304 Kleinen
2555 4255 2871 4320 Prophetes,

634 4344 691 4379 ln
766 4365 776 4376 -
833 4365 847 4379 ι

698 4433 767 4498 (2)
801 4432 1003 4482 Notatu
1036 4432 1263 4495 dignum
1287 4431 1507 4480 verbum
1543 4423 1703 4496 Πῦἶξέ
1738 4429 1993 4493 usurpari
2028 4444 2126 4494 pro
2158 4429 2420 4479 effusione
2445 4430 2626 4496 sontis,
2647 4432 2728 4481 vel
2752 4434 2872 4496 rivi,

635 4513 717 4562 vel
768 4519 1170 4564 cataractarum
1212 4512 1439 4562 coeli.—
1476 4512 1551 4562 Cf.
1582 4512 1764 4576 Zacu„
1810 4526 1923 4572 xm,
1954 4516 2007 4572 ¹3
2057 4511 2214 4576 Ges„
2243 4527 2336 4571 vu,
2375 4515 2461 4573 11;
2500 4514 2587 4577 1s.,
2624 4530 2773 4575 xxiv,
2798 4519 2875 4569 ¹8.

699 4603 778 4666 (3)
811 4601 961 4652 onn.
999 4601 1126 4659 δια,
1158 4600 1222 4649 11.
1245 4604 1323 4651 27.
