3719 5650
1425 789 1961 857 -179—

562 972 972 1049 eorumque
1037 947 1399 1050 gaudium
1487 947 1688 1026 inter
1752 947 2114 1025 adversas
2186 944 2492 1024 Israelis
2556 969 2680 1020 res
2740 946 2821 1019 et

564 1070 1040 1169 contemptus
1079 1091 1267 1168 erga
1304 1065 1664 1169 populum
1709 1066 1880 1144 Dei.

669 1186 1087 1288 Prophetia
1147 1186 1420 1265 eximie
1470 1190 1764 1264 structa
1822 1185 1900 1262 in
1946 1187 2278 1288 quatuor
2315 1183 2663 1285 strophas
2704 1181 2813 1257 di-

564 1309 875 1388 viditur.

673 1436 756 1533 a)
796 1428 1027 1532 Tyria
1064 1428 1356 1524 classiS,
1416 1454 1460 1505 a
1498 1429 1822 1505 Tharsis
1872 1430 2146 1523 redux,
2191 1452 2434 1530 quum
2475 1426 2815 1529 Cyprum

565 1548 873 1625 advenit
901 1547 1049 1651 (l),
1082 1549 1173 1627 de
1202 1548 1422 1625 ruina
1454 1547 1662 1626 urbis
1689 1548 1968 1626 certior
1991 1549 2105 1625 fit.
2133 1546 2606 1651 CrepidineS,
2638 1544 2813 1621 olim

564 1668 807 1745 turbis
839 1667 1167 1764 refertae,
1212 1668 1533 1746 desertae
1571 1692 1773 1745 nunc
1804 1672 2011 1746 sunt.
2060 1669 2231 1770 Ipsa
2269 1668 2450 1744 urbs
2490 1663 2811 1742 celeber-

566 1786 760 1864 rima
787 1792 1299 1889 comparatur,
1344 1789 1544 1889 quod
1584 1788 1680 1865 ad
1718 1787 2047 1891 gemitus
2089 1787 2392 1881 attinet,
2437 1786 2819 1888 lacryma-

566 1909 838 1986 bundae
876 1908 1173 1985 mulieri
1208 1935 1374 2011 quae
1405 1912 1497 1987 de
1526 1910 1930 1987 sterilitate
1960 1934 2098 1988 sua
2121 1908 2438 2011 ingemit
2479 1905 2592 2010 (v.
2640 1904 2809 2010 1-5').

680 2027 752 2132 b)
794 2027 1025 2106 Nulla
1072 2029 1230 2129 jam
1269 2030 1474 2131 Tyro
1538 2054 1709 2131 spes
1758 2033 2132 2121 remanet,
2196 2053 2282 2105 eo
2341 2026 2608 2104 saltem
2650 2024 2816 2101 loco

571 2171 717 2249 quo
780 2149 1075 2243 stabat3
1138 2148 1363 2251 longe
1424 2149 1625 2251 apud
1663 2147 1965 2225 colonos
2006 2145 2436 2249 perfugium
2488 2147 2806 2246 quaerat.

572 2267 765 2352 Quis
838 2292 1021 2345 vero
1097 2268 1469 2346 adversus
1552 2292 1720 2345 eam
1799 2266 2174 2362 surrexit,
2251 2291 2417 2367 quae
2503 2286 2818 2341 coronas

573 2385 905 2488 undique
967 2388 1398 2490 spargebat,
1456 2388 1671 2489 cujus
1707 2389 2166 2463 mercatores
2213 2383 2613 2487 principeS,
2692 2380 2817 2456 in-

577 2506 1030 2607 stitoresque
1068 2506 1356 2583 domini
1392 2506 1906 2584 habebantur?
1934 2504 2301 2582 Dominus
2359 2526 2657 2604 nempe,
2693 2498 2823 2602 qui

579 2624 1018 2727 superbiam
1056 2627 1218 2727 ejus
1256 2626 1731 2728 confrIngere
1771 2625 2014 2703 voluit
2053 2624 2166 2729 (v.
2201 2623 2370 2729 6-9).

691 2742 764 2852 c)
801 2743 976 2822 Alia
1014 2749 1272 2823 autem
1312 2745 1586 2844 probra
1613 2745 1907 2849 Tyrum
1945 2749 2284 2821 manent.
2319 2745 2571 2846 Lapsa
2621 2740 2823 2818 enim

577 2864 1009 2965 metropoli,
1055 2865 1363 2942 coloniae.
1402 2865 1833 2943 libertatem
1864 2864 2004 2942 sibi
2034 2863 2551 2958 vindicabunt,
2597 2886 2829 2964 spon-

578 2988 808 3084 teque
862 2984 1350 3087 porrigentur
1405 2992 1492 3062 ut
1549 2983 1769 3062 Nilus
1822 2985 2250 3063 exundans,
2303 2983 2603 3061 Nedum
2642 3006 2824 3083 erga

579 3102 981 3204 pristinam
1041 3104 1329 3206 Tyrum
1394 3103 1912 3181 misericordia
1974 3107 2454 3196 moveantur,
2526 3099 2823 3177 etiamsi

582 3221 942 3321 effugium
1001 3224 1383 3326 impetret,
1454 3248 1621 3302 eam
1675 3224 2184 3301 hortabuntur
2239 3228 2325 3299 ut
2386 3219 2689 3297 recedat
2753 3224 2829 3296 et

583 3340 952 3418 auxilium
999 3341 1146 3419 alio
1200 3347 1521 3444 quaerat.
1565 3344 2060 3421 permanebit
2115 3367 2322 3444 erg0,
2372 3345 2448 3418 et
2486 3338 2824 3417 Chaldaei

581 3457 997 3538 vindictam
1054 3461 1194 3538 Dei
1235 3461 1724 3539 ulciscentur.
1769 3461 2085 3540 Ululent
2140 3485 2319 3562 ergo
2368 3482 2603 3535 naves
2651 3481 2822 3533 ma-

577 3577 682 3654 ris
720 3603 972 3656 coram
1006 3579 1142 3656 tali
1172 3580 1377 3658 clade
1418 3580 1529 3684 (V.
1577 3578 1851 3685 10-1-1).

684 3699 769 3803 d)
812 3701 1004 3776 Post
1038 3702 1415 3778 incertum
1442 3707 1771 3803 tempus„
1799 3702 2050 3804 Tyrus
2089 3702 2440 3800 resurget
2485 3723 2502 3775 :
2548 3696 2822 3800 elapsis

577 3817 1059 3919 septuaginta
1095 3818 1340 3914 annis,
1386 3844 1598 3896 acres
1638 3822 2198 3896 commeatuum
2243 3841 2466 3893 curas
2542 3815 2821 3893 iterum

576 3934 964 4035 suscipiet,
1028 3934 1134 4011 ita
1172 3937 1427 4012 tamen
1466 3941 1552 4013 ut
1588 3960 1679 4014 ea
1716 3935 1969 4012 omnia
1998 3934 2323 4012 Domino
2355 3959 2569 4013 sacra
2596 3936 2808 4029 fiant,

575 4053 1060 4156 fideliumque
1120 4079 1514 4132 servorum
1581 4054 1991 4132 commodis
2047 4059 2122 4131 et
2189 4055 2516 4132 mercedi
2569 4054 2818 4131 inser-

574 4173 788 4250 viant
827 4172 938 4278 (v.
986 4173 1235 4279 15-18).

684 4293 923 4396 Cujus
1005 4293 1326 4371 illustris
1412 4294 1828 4399 prophetiae
1915 4298 2213 4372 textum
2302 4292 2549 4395 ipsum
2627 4316 2816 4394 pro-

637 4524 707 4589 (1)
730 4523 942 4573 Cethim
968 4524 1204 4588 (Kittim)
1222 4524 1417 4576 incolae
1438 4531 1568 4575 sunt
1596 4525 1749 4577 urbis
1771 4541 1867 4575 seu
1900 4533 2086 4590 portus
2113 4523 2336 4583 Citium,
2354 4522 2408 4571 in
2433 4520 2615 4571 insula
2634 4521 2817 4584 Cypri,

572 4600 689 4663 qui,
714 4598 909 4649 latiore
940 4614 1124 4663 seusu,
1163 4601 1328 4651 totius
1351 4600 1563 4665 insulae,
1606 4616 1814 4651 necnon
1851 4609 1907 4651 et
1954 4600 2190 4650 aliarum
2218 4597 2524 4649 insularum
2553 4596 2608 4646 in
2635 4595 2820 4645 medio

574 4674 976 4725 Mediterraneo
1000 4674 1139 4725 Mari
1170 4675 1364 4726 incolae
1384 4676 1668 4727 dicuntur.
