3719 5650
1702 684 2191 751 —70—

827 840 1075 920 braice
1111 839 1463 936 vertitur,
1500 839 1716 942 quasi
1756 839 2076 943 propriis
2125 838 2428 935 litteriS,
2494 837 2575 915 in
2614 859 2757 943 3302ss
2791 841 2865 918 κ’)
2923 836 3073 944 (l),

829 987 1010 1039 mox
1072 959 1389 1038 ulterius
1451 959 1788 1037 declarat
1844 959 2436 1062 descriptionem
2500 982 2730 1060 quam
2790 956 3081 1061 profert

831 1082 1169 1173 Nahum,
1210 1080 1416 1159 omni
1462 1079 2128 1158 verisimilitudine
2168 1078 2508 1173 destitui,
2566 1077 2632 1155 si
2678 1103 2844 1156 eam
2883 1078 3079 1155 The-

830 1201 945 1279 bis
982 1199 1362 1302 applicare
1387 1197 1576 1277 velis
1608 1197 1753 1305 (2).
1782 1200 2142 1276 Attamen
2173 1199 2337 1300 jam
2377 1196 2469 1274 de
2497 1197 2642 1274 hac
2665 1195 3078 1299 quaestione

831 1318 1127 1396 nullum
1163 1319 1473 1396 dubium
1512 1316 1839 1420 amplius
1881 1317 2206 1394 existere
2249 1317 2526 1419 potest,
2564 1313 2627 1391 si
2655 1311 3081 1391 Annalibus

830 1436 1446 1540 Assurbanipalis
1484 1436 1861 1514 attendaS.
1898 1436 1986 1513 In
2025 1433 2190 1512 istis
2217 1433 2420 1511 enim
2458 1431 3076 1535 inscriptionibus

831 1558 1236 1662 multiplici
1268 1558 1434 1636 loco
1458 1558 1847 1645 invenitur
1878 1583 2031 1635 vox
2069 1552 2261 1666 Ξῖ
2282 1610 2286 1614 -
2300 1550 2412 1664 A
2447 1548 2600 1663 »ἦ
2611 1554 2743 1650 ,Ν
2741 1555 2911 1632 i-ah
2928 1551 3076 1658 (3),

833 1706 1002 1784 quae
1058 1681 1458 1783 respondet
1535 1679 1888 1758 hebraico
1946 1680 2229 1757 nomini
2302 1688 2423 1774 »δη
2510 1677 2819 1780 signum
2879 1674 3082 1753 enim

831 1800 1316 1904 aspirationis
1393 1798 1505 1912 Δ
1566 1794 1718 1907 »ἦ
1801 1826 1955 1878 non
2026 1800 2257 1878 aliter
2316 1824 2544 1902 quam
2599 1822 2735 1902 per
2773 1825 2815 1874 κ
2873 1794 3087 1874 reddi

833 1927 1131 2028 poterat
1195 1928 1272 2001 et
1343 1923 1623 2002 vocalis
1680 1948 1786 2007 aa
1840 1922 2343 2001 Massorethis
2416 1922 2592 1999 huic
2675 1917 2961 1997 nomini
3009 1948 3082 1997 s:

831 2043 1182 2147 imposita
1229 2046 1555 2121 testatur
1607 2068 1755 2146 quo
1806 2041 2057 2120 studio
2106 2042 2253 2120 nisi
2299 2041 2581 2120 fuerint
2629 2043 2717 2118 ut
2772 2062 3002 2117 sonus
3041 2063 3085 2114 ο

836 2162 919 2240 in
955 2162 1403 2266 aegyptiacis
1442 2161 1829 2240 vocabulis
1874 2160 2326 2265 praevaleret
2361 2158 2508 2267 (4).

940 2282 1098 2359 Nec
1156 2280 1305 2358 alia
1359 2284 1476 2358 est
1531 2280 1940 2376 conclusio,
1985 2279 2049 2357 si
2098 2279 2375 2385 duplici
2434 2275 2877 2357 cuneiformi
2921 2277 3086 2354 ins-

836 2399 1187 2504 criptioni
1218 2399 1727 2502 geographice
1767 2399 2187 2496 incumbaS,
2222 2399 2352 2477 ubi
2390 2399 2482 2476 de
2512 2397 2785 2476 itinere
2821 2396 3089 2474 Assur·

838 2515 1207 2619 banipalis
1252 2516 1329 2594 in
1376 2518 1639 2594 urbem
1682 2518 2087 2595 No-Amon
2128 2518 2408 2619 agitur.

943 2634 1027 2739 a)
1083 2635 1203 2710 Ex
1254 2658 1406 2711 una
1461 2636 1662 2712 enim
1708 2641 1968 2738 aperte
2021 2640 2321 2713 constat
2368 2637 2637 2714 urbem
2677 2635 2793 2711 No
2808 2634 3090 2712 -Amon

839 2752 1063 2832 sitam
1113 2777 1276 2831 esse
1322 2752 1714 2831 meridiem
1771 2779 2039 2833 versus
2103 2779 2151 2834 a
2217 2754 2588 2857 Memphi.
2644 2755 2692 2832 J
2698 2777 2823 2830 am
2881 2751 3094 2830 limi-

837 2877 952 2951 tes
1014 2870 1395 2949 inferioris
1460 2874 1787 2977 AEgypti
1838 2874 2227 2953 invaserat
2277 2873 2870 2976 Assurbanipal,
2916 2898 3092 2950 cum

837 2989 1256 3070 Urdamani
1328 2990 1638 3093 reliquit
1711 2995 1976 3071 urbem
2036 2993 2432 3097 Memphin
2500 2997 2587 3071 ut
2661 2992 2741 3070 in
2816 2991 3091 3069 civita-

834 3113 988 3188 tem
1042 3108 1179 3188 No
1243 3109 1449 3186 solus
1510 3109 1933 3213 aufugeret.
2009 3140 2044 3184 ι
2095 3113 2182 3189 In
2245 3137 2415 3191 mea
2485 3111 2812 3189 secunda
2867 3134 3089 3213 expe-

838 3228 1145 3325 ditione,
1187 3253 1455 3307 versus
1497 3230 1930 3333 AEgyptum
1971 3235 2047 3308 et
2082 3230 2557 3334 AEthiopiam
2605 3230 3085 3308 intendebam

833 3351 1006 3428 iter.
1072 3349 1494 3428 Urdamani
1560 3374 2053 3453 progressum
2110 3350 2401 3428 itineris
2457 3351 2607 3428 mei
2665 3349 2958 3428 audivit
3011 3352 3087 3426 et

836 3468 1033 3571 quod
1086 3469 1268 3569 -jam
1339 3468 1853 3547 transiveram
1924 3469 2201 3548 limites
2267 3471 2621 3573 AEgypti.
2691 3467 3086 3571 Memphin

834 3584 1137 3687 reliquit
1182 3591 1258 3664 et
1304 3587 1399 3663 ad
1455 3586 1897 3666 salvandam
1953 3588 2286 3666 animam
2324 3588 2624 3691 aufugit
2659 3588 2740 3665 in
2777 3587 2869 3666 N
2871 3587 3081 3664 i-alz.

833 3704 1116 3805 RegeS,
1176 3703 1514 3807 praefecti
1552 3710 1628 3783 et
1665 3709 2239 3808 gubernatores,
2298 3732 2486 3810 quos
2541 3731 2774 3811 super
2827 3707 3087 3808 AEgy-

836 3827 1054 3926 ptum
1112 3849 1676 3927 praeposueram
1701 3888 1717 3921 ,
1777 3851 2033 3904 coram
2083 3821 2618 3905 mevvenerunt
2655 3830 2732 3904 et
2768 3823 3087 3903 osculati

836 3946 1019 4020 sunt
1054 3943 1321 4046 pedem
1360 3968 1636 4022 meum.
1691 3946 1888 4022 Post
1944 3945 2361 4025 Urdamani
2398 3946 2600 4024 viam
2641 3949 3086 4050 prosecutus

897 4158 968 4225 (1)
997 4158 1271 4296 Bnbmoscu,
1304 4159 1670 4213 Dictionnaire
1695 4161 2085 4228 qe'oaraphique
2113 4163 2174 4216 de
2194 4164 2500 4217 l'Ancienne
2524 4148 2742 4228 E‘wple,
2768 4177 2822 4228 p.
2843 4165 2925 4214 28.

898 4246 977 4308 (α)
1011 4248 1039 4298 1
1075 4246 1169 4308 ia„
1204 4261 1254 4311 p.
1285 4250 1395 4297 ω.

895 4333 976 4395 (3)
1010 4332 1086 4383 W.
1110 4333 1174 4382 A.
1197 4335 1264 4394 1.,
1291 4338 1425 4383 tom.
1452 4333 1518 4398 11,
1541 4335 1652 4386 tab.
1681 4340 1756 4397 ¹7,
1781 4336 1955 4397 cohi,
1980 4336 2020 4390 1.
2041 4342 2131 4401 θος
2165 4343 2293 4388 tom.
2321 4339 2384 4400 V,
2407 4338 2518 4389 tab.
2543 4342 2593 4396 2.
2615 4338 2721 4390 col.
2744 4337 2815 4399 11.
2842 4338 2883 4388 l.
2904 4339 3080 4399 ΗΑΒ.

833 4408 918 4465 36,
940 4411 997 4458 Η
1032 4413 1087 4456 et
1116 4406 1346 4470 passim.

836 4493 1353 4632 pfaffgfioorrsar.
1402 4496 1656 4550 Me'mot're
1691 4512 1792 4552 sur
1835 4500 1908 4553 les
1943 4504 2199 4567 rappores
2229 4502 2290 4555 de
2319 4486 2557 4569 t’Eyypte
2600 4506 2647 4557 et
2690 4502 2753 4556 de
2808 4502 3081 4568 l‘Assurie,
