3719 5650
1601 713 2094 780 ...99-

830 868 1195 945 XXXIII.
1263 912 1356 923 -
1434 866 1675 953 Quale
1725 871 1982 945 autem
2058 867 2156 945 sit
2229 865 2565 944 vaticinii
2641 859 2978 941 Nahumi

724 992 1295 1089 argumentum,
1342 985 1617 1064 titulus
1655 986 1818 1089 ipse
1866 985 2083 1063 Onus
2120 984 2429 1063 Ninive
2468 982 2650 1062 satis
2691 978 2972 1082 arguit.

723 1103 986 1180 Ruina
1029 1105 1232 1181 enim
1286 1103 1493 1182 urbis
1540 1108 1616 1182 et
1661 1104 1969 1207 imperii
2022 1103 2537 1182 Ninivitarum
2590 1098 2977 1203 prophetae

724 1221 1032 1298 unicum
1086 1229 1250 1301 erat
1307 1224 1714 1326 objectum.
1780 1223 1931 1301 Pro
1991 1222 2277 1302 Judaeis
2344 1221 2642 1324 quidem
2699 1215 2978 1297 Ninive

725 1340 1184 1445 archetypus
1246 1346 1412 1420 erat
1481 1342 1800 1445 hujusce
1863 1373 1899 1417 ‹
1959 1342 2377 1422 meretricis
2439 1338 2831 1444 speciosae,
2904 1340 2979 1413 et

725 1463 995 1561 gratae,
1066 1467 1145 1540 et
1204 1462 1550 1541 habentis
1610 1462 2006 1559 maleficia,
2080 1488 2248 1565 quae
2302 1460 2646 1540 vendidit
2706 1460 2977 1561 gentes

724 1578 803 1653 in
882 1579 1505 1658 fornicationibus
1572 1583 1776 1677 suiS‚
1854 1579 1958 1660 et>
2025 1582 2347 1660 familias
2421 1581 2501 1657 in
2588 1574 2976 1656 maleficiis

727 1696 886 1772 suis
953 1695 1215 1804 (1).»
1292 1700 1510 1778 Unde
1579 1700 1840 1778 missio
1920 1700 2350 1805 prophetica
2418 1702 2583 1777 erat
2637 1693 2978 1799 proferre

723 1817 802 1891 et
851 1814 1272 1895 describere
1299 1816 1539 1920 ipsius
1567 1817 1944 1922 insignem
1975 1820 2275 1898 ruinam
2304 1821 2381 1896 et
2411 1815 2914 1895 vastationem
2948 1836 2967 1887 ε

724 1935 923 2034 quod
994 1935 1273 2040 triplici
1329 1962 1675 2015 sermone
1740 1939 2080 2035 conficit,
2161 1965 2206 2015 a
2289 1935 2676 2043 principiis
2745 1956 2974 2035 gene-

722 2051 1002 2131 ralibus
1079 2060 1292 2133 ortus
1385 2061 1461 2135 et
1533 2058 1628 2134 ad
1717 2058 2209 2161 particularia
2291 2055 2785 2142 descendens,
2877 2052 2974 2128 ad

722 2172 1187 2251 obsidionem
1287 2200 1556 2278 nempe
1667 2177 1983 2255 Ninives
2011 2236 2031 2272 ,
2146 2173 2783 2281 expugnationem
2897 2173 2974 2246 et

723 2290 1063 2388 ruinam,
1142 2292 1380 2396 ipsius
1458 2294 1878 2398 iniquitatis
1966 2298 2249 2397 justam
2334 2317 2670 2399 poenam.
2776 2289 2967 2368 Octo

728 2495 966 2547 Elkozah
996 2497 1146 2559 (Μαι)
1176 2496 1241 2559 os
1262 2498 1524 2549 Palestine
1557 2500 1916 2564 Explorate‘on
1951 2499 2107 2551 Fund
2140 2501 2344 2562 1880).
2371 2522 2431 2534 —
2454 2497 2567 2546 Nec
2593 2496 2758 2545 aliter
2785 2498 2972 2544 censet

724 2569 927 2633 Hitzig,
957 2572 1050 2635 qui
1084 2571 1468 2635 Capharnaum
1512 2573 1912 2638 interpretatur
1959 2594 1982 2620 (ι
2016 2575 2197 2624 vicum
2223 2573 2487 2628 Nahumi,
2519 2591 2546 2618 υ
2589 2585 2651 2620 ex
2684 2568 2972 2619 rabbinica

724 2650 967 2693 ceterum
1007 2644 1304 2695 traditione
1336 2662 1477 2712 quae,
1512 2654 1645 2698 teste
1683 2648 1859 2697 Rabbi
1900 2649 2151 2698 Schwarz
2179 2652 2311 2710 (Das
2345 2648 2524 2711 heiliqe
2555 2645 2716 2707 Laud,
2750 2660 2801 2709 p.
2832 2643 2966 2703 1⁴9),

723 2718 999 2769 tumulum
1052 2719 1289 2770 Nahumi
1340 2721 1407 2771 ad
1458 2722 1887 2787 septentrionem
1933 2723 2261 2783 Tiberiadis,
2307 2723 2507 2772 itinere
2534 2720 2698 2771 unius
2749 2718 2974 2769 circiter

723 2794 891 2853 horae,
924 2794 1098 2859 ponit.
1137 2796 1265 2846 Alia
1296 2802 1477 2847 tamen
1508 2803 1790 2849 auctorum
1819 2799 2013 2849 schola
2045 2798 2363 2850 Nahumum
2408 2798 2462 2848 in
2509 2794 2734 2860 Assyria
2774 2794 2971 2844 vixisse

725 2872 1007 2934 praedicat,
1038 2887 1270 2937 quorum
1304 2880 1568 2938 patronus
1602 2875 1786 2924 forsan
1818 2875 1927 2924 suit
1963 2875 2252 2941 Benjamin
2291 2876 2620 2935 Tuictanus‚
2654 2871 2747 2936 qui
2780 2880 2971 2920 narrat

722 2959 755 2992 a
802 2960 860 2994 se
917 2949 1037 3011 ejus
1092 2962 1424 3012 synagogam
1466 2958 1519 2998 et
1567 2949 1841 3000 tumulum
1892 2964 2035 2999 anno
2073 2949 2296 3000 circiter
2339 2953 2456 3001 ¹170
2511 2948 2732 2997 visitata
2779 2944 2968 2995 fuisse.

721 3020 844 3070 Haec
867 3036 984 3072 vero
1009 3023 1227 3073 traditio
1257 3024 1417 3073 unice
1440 3023 1700 3074 innititur
1722 3025 1929 3075 nomini
1964 3025 2252 3089 cujusdam
2281 3025 2407 3084 vici,
2439 3023 2696 3082 Anco-sch,
2724 3021 2959 3070 duorum

721 3092 935 3145 dierum
982 3098 1181 3147 itinere
1231 3112 1262 3146 a
1308 3098 1513 3148 Mossul
1555 3102 1985 3165 septentrionem
2045 3115 2228 3151 versus
2278 3099 2567 3160 distantis,
2615 3109 2963 3160 nequaquam

720 3169 964 3222 locorum
994 3171 1365 3237 exploratione
1402 3173 1668 3232 firmatur,
1703 3183 1837 3226 teste
1874 3175 2086 3239 Layard
2127 3175 2206 3226 sic
2241 3175 2515 3225 scribente
2550 3193 2560 3223 ι
2609 3189 2635 3220 «
2671 3172 2784 3220 'Phe
2816 3170 2964 3219 tomb

723 3243 771 3293 is
798 3261 832 3295 a
858 3247 1054 3312 simple
1092 3247 1297 3312 plaster
1322 3248 1438 3306 box,
1480 3251 1709 3301 covered
1742 3251 1873 3300 with
1916 3265 2082 3313 green
2112 3249 2260 3300 eloth
2292 3249 2552 3312 standing
2589 3253 2646 3296 at
2669 3246 2757 3295 the
2790 3259 2967 3309 upper

724 3322 827 3371 end
847 3322 958 3372 osa
986 3324 1136 3387 large
1158 3325 1439 3375 chamber.
1468 3326 1546 3376 On
1566 3327 1656 3375 the
1687 3326 1842 3376 walls
1868 3326 1928 3375 os
1949 3326 2039 3375 the
2057 3340 2208 3374 room
2240 3339 2333 3374 are
2355 3323 2490 3388 alips
2518 3323 2577 3373 of
2600 3335 2785 3387 paper,
2820 3334 2962 3383 upon

722 3395 903 3445 which
929 3410 1022 3446 are
1057 3397 1294 3457 written,
1326 3399 1380 3448 in
1407 3400 1687 3449 distorded
1716 3400 1935 3449 hebrew
1964 3408 2266 3456 caractere,
2302 3398 2566 3462 religious
2594 3395 2968 3445 exhortatione

725 3471 828 3520 and
870 3473 960 3522 the
1003 3473 1157 3523 dates
1186 3474 1292 3524 and
1327 3474 1657 3540 particulare
1688 3476 1749 3525 of
1782 3477 1874 3526 the
1916 3475 2073 3525 visits
2113 3476 2173 3525 of
2208 3475 2424 3525 various
2455 3471 2660 3522 Jewish
2704 3469 2965 3519 families.

721 3546 830 3596 The
866 3547 1034 3598 house
1066 3550 1383 3614 containing
1433 3552 1524 3600 the
1574 3551 1801 3601 tombis
1838 3566 1872 3599 a
1920 3551 2150 3600 modern
2205 3549 2476 3612 building.
2508 3548 2686 3596 There
2736 3559 2828 3593 are
2889 3558 2957 3592 no

719 3620 1107 3686 inscriptions,
1140 3638 1240 3672 nor
1274 3624 1576 3688 fragments
1618 3624 1679 3674 os
1703 3640 1806 3689 any
1848 3624 2121 3689 antiquity
2153 3624 2319 3674 about
2348 3625 2437 3672 the
2470 3621 2652 3686 place;
2689 3617 2797 3669 aud
2824 3617 2844 3667 1
2878 3631 2965 3666 am

720 3701 812 3746 not
839 3711 1017 3746 awai-e
1048 3697 1102 3746 in
1148 3699 1294 3747 what
1323 3701 1413 3749 the
1442 3699 1704 3750 tradition
1737 3701 2071 3763 originated,
2103 3714 2165 3748 or
2194 3700 2314 3748 how
2354 3697 2482 3759 long
2504 3697 2546 3744 it
2578 3696 2677 3744 has
2705 3693 2960 3743 attached

718 3777 774 3820 to
798 3771 885 3820 the
910 3772 1112 3834 village
1142 3774 1201 3821 os
1218 3773 1444 3823 Alkosh.
1465 3792 1493 3823 a
1520 3776 1715 3829 Ninive
1733 3775 1843 3828 and
1873 3777 1940 3825 Its
1980 3775 2234 3836 remains,
2257 3772 2361 3822 vol.
2383 3773 2423 3834 1,
2449 3785 2499 3835 p.
2521 3772 2635 3821 233.
2659 3795 2720 3806 —
2757 3768 2862 3817 Sed
2899 3767 2965 3816 de

716 3847 820 3895 hac
865 3847 1142 3909 assyriaca
1172 3847 1410 3898 Nahumi
1449 3850 1881 3899 commoratione
1913 3848 2184 3913 quidquid
2224 3849 2512 3898 tentaverit
2543 3843 2747 3908 Ewald,
2785 3842 2960 3894 multo

716 3920 1055 3984 probabilior
1089 3922 1274 3972 evadit
1301 3924 1522 3988 opinio.
1555 3939 1675 3988 quae
1708 3924 2021 3975 Nahumum
2055 3939 2117 3974 ex
2145 3922 2376 3973 Galilaea
2404 3921 2701 3973 oriundum
2740 3920 2961 3986 praebet.

717 3994 801 4043 Cs.
828 3995 1271 4060 Kmnsxsausa,
1306 3999 1371 4049 In
1400 4000 1694 4062 Prophetas
1721 3991 1976 4062 minores,
2001 4006 2132 4048 tom.
2167 3999 2232 4057 11,
2269 4002 2287 4047 1
2329 4013 2447 4064 sqq.

777 4070 883 4121 Sed
925 4071 971 4121 si
1017 4073 1244 4136 quaestio
1292 4073 1359 4123 de
1403 4073 1612 4137 origiue
1657 4074 1903 4124 Nahumi
1946 4074 2123 4124 adhuc
2169 4074 2223 4123 in
2258 4075 2436 4125 varias
2477 4082 2657 4139 partes
2698 4072 2962 4136 agitatur,

708 4145 827 4211 jam
856 4145 1003 4195 idem
1042 4146 1269 4198 dubium
1306 4147 1372 4197 de
1401 4148 1522 4212 ejus
1552 4154 1732 4208 aetate,
1766 4149 1868 4198 etei
1918 4164 2016 4213 per
2055 4148 2280 4211 longum
2314 4157 2526 4212 ternpus
2569 4147 2822 4211 viguerit,
2857 4160 2961 4195 non

714 4218 955 4284 amplius
997 4234 1348 4284 perseverare
1391 4228 1586 4284 potest.
1624 4221 1811 4286 Capite
1858 4223 2008 4272 enim
2048 4222 2138 4287 111,
2177 4228 2332 4282 8,10,
2359 4227 2571 4273 constat
2605 4219 2950 4286 prophetiam

714 4294 919 4343 editam
944 4309 1061 4343 esse
1084 4296 1249 4359 paulo
1285 4303 1406 4359 post
1433 4296 1622 4346 urbem
1650 4296 1932 4347 No-Amon
1970 4305 2204 4361 captam.
2241 4297 2382 4348 Urbs
2414 4311 2541 4346 vero
2573 4294 2674 4344 illa
2704 4293 2781 4342 nil
2805 4292 2956 4343 aliud

714 4381 833 4417 esse
874 4382 937 4418 ac
958 4368 1173 4419 Thebas
1207 4370 1262 4418 in
1284 4369 1522 4434 AEgypto
1547 4371 1852 4434 superiore,
1882 4372 1949 4421 ab
1971 4370 2367 4437 Assurbanipal
2401 4370 2633 4429 dirutas,
2669 4384 2731 4418 ex
2761 4369 2953 4418 cunei·

713 4442 981 4492 formibua
1027 4444 1479 4508 inscriptionibus
1522 4452 1670 4495 certo
1716 4453 1951 4496 constat.
2001 4446 2101 4510 (Cf.
2145 4461 2315 4512 supra
2350 4460 2408 4509 p.
2461 4447 2567 4508 69).
2613 4443 2772 4494 Unde
2817 4456 2960 4493 anno

714 4523 804 4567 664
826 4524 950 4567 ante
977 4517 1255 4568 Christum
1277 4519 1501 4569 circiter
1534 4520 1871 4585 assignanda
1892 4527 1974 4571 est
2007 4521 2118 4573 haec
2154 4520 2393 4570 Nahumi
2432 4519 2743 4584 prophetia.

778 4604 848 4666 (ι)
876 4604 1038 4657 Nm..
1071 4604 1156 4656 111.
1191 4609 1239 4654 4.
