3719 5650
1749 636 2237 702 -10-

872 787 1181 875 infiniti,
1220 811 1357 862 nec
1386 793 1763 863 curtiores
1794 793 2074 863 simus,
2102 793 2282 864 Ideo
2314 792 2746 883 prophetiis
2774 812 3117 882 prceser-

876 925 1016 994 tim
1040 924 1581 1017 incumbimuS,
1600 926 1712 998 ita
1745 932 2003 997 tamen
2035 932 2119 997 ut
2147 948 2301 997 non
2324 926 2562 997 semel
2589 946 2721 996 eas
2749 946 2848 995 ex
2881 925 3114 996 histo-

870 1060 1016 1130 rioe
1053 1062 1293 1132 tutela
1318 1062 1709 1153 explicare
1733 1068 2222 1153 satagamus,
2249 1062 2371 1132 Ne
2399 1060 2577 1150 quis
2608 1065 2867 1131 tamen
2889 1067 3113 1151 putet

860 1198 1318 1287 prophetias
1364 1199 1457 1269 de
1501 1198 1779 1289 quibus
1822 1218 2146 1290 ayemus
2195 1219 2374 1269 cum
2421 1197 2793 1288 profanis
2838 1197 3114 1268 vatici-

872 1333 1310 1404 nationibus
1376 1335 1777 1424 confundi.
1824 1336 2244 1425 Prophetae
2302 1333 2535 1421 enim,
2586 1333 2745 1403 Deo
2782 1330 3113 1423 positive

872 1468 1306 1559 inspirante
1333 1476 1403 1541 et
1432 1472 1843 1560 revelante,
1872 1472 2334 1561 loquuntur,·
2371 1476 2585 1541 vates
2616 1474 2911 1558 contra,
2952 1469 3113 1540 sive

872 1622 970 1671 eoe
1027 1604 1375 1693 proprice
1431 1605 1712 1675 mentis
1767 1604 2096 1692 vi'rz‘bu3‚
2156 1603 2319 1674 sive
2375 1604 2609 1674 etiam
2662 1624 2760 1672 ea>
2830 1601 3114 1672 diaboli

870 1740 1520 1830 suyyestionibuS,
1579 1741 2025 1827 conjiciunt.

967 1874 1165 1944 Hoec
1233 1881 1492 1946 autem
1545 1876 1961 1966 proedictio
2033 1875 2298 1965 futuri
2365 1894 2597 1945 casus
2677 1879 2747 1945 et
2813 1874 3109 1945 contin-

863 2008 1118 2099 9entis
1169 2016 1510 2101 eventus,
1570 2033 1668 2082 eoo
1728 2011 2190 2081 revelatione
2242 2009 2533 2096 divina,
2596 2030 2865 2080 revera
2915 2030 3107 2101 pos-

862 2144 1113 2214 sibilis
1170 2151 1311 2217 est.
1367 2147 1602 2229 Sane,
1674 2145 2356 2217 rationalistarum
2428 2165 2700 2229 sensu,
2775 2148 3108 2225 testatur
3212 2223 3220 2232 ‚

849 2279 1438 2369 prophetismus
1516 2280 1599 2349 in
1663 2280 1992 2351 historia
2059 2279 2316 2350 Israel
2392 2279 2600 2349 viros
2664 2277 2972 2369 inqenio
3034 2284 3104 2349 et

852 2413 1455 2505 perspicacitate
1524 2414 1853 2485 eximios
1913 2434 2227 2485 summa
2284 2412 2746 2483 auctoritate
2777 2412 3097 2503 fuisse,

861 2547 1060 2617 nihil
1091 2553 1349 2617 autem
1376 2547 1480 2618 ibi
1510 2548 1868 2637 inveniri,
1898 2548 2102 2638 quod
2141 2569 2349 2619 mere
2375 2548 2818 2619 naturalem
2844 2552 3099 2638 potes—

860 2688 1096 2753 tatem
1148 2689 1553 2774 exsuperet
1592 2705 1616 2754 .·
1669 2684 1852 2755 alice
1901 2684 2104 2755 enim
2146 2682 2580 2775 prophetice
2633 2683 3100 2755 authenticae

855 2823 1076 2908 sunt,
1160 2823 1230 2888 et
1286 2820 1707 2911 ¹qenuinam
1767 2821 2333 2911 prophetarum
2393 2818 2902 2912 sagacitatem
2963 2825 3098 2891 aut

856 2953 1149 3023 incerta
1202 2976 1464 3026 eorum
1521 2977 1707 3047 erpa
1753 2956 2127 3026 Messiam
2171 2955 2435 3026 studia
2466 2955 2839 3046 probant;
2884 2955 3091 3044 alioe,

852 3087 1278 3162 nullimode
1313 3092 1807 3182 authenticae,
1852 3094 2041 3165 adeo
2085 3092 2449 3164 dilucidae
2489 3097 2674 3162 sunt
2711 3096 2847 3162 aut
2885 3091 3096 3162 ultra

853 3226 1277 3296 humanam
1308 3226 1462 3298 vim
1490 3227 1601 3297 ita
1627 3228 2136 3314 extolluntur,
2171 3233 2256 3298 ut
2270 3232 2455 3318 post
2482 3232 2835 3298 eventum
2870 3226 3097 3298 adin-

850 3364 1097 3430 ventoe
1169 3361 1512 3434 dicendoe
1584 3363 1769 3433 sint.
1840 3364 2007 3434 Nos
2086 3384 2260 3433 vero
2324 3361 2856 3433 contendimus
2922 3381 3090 3431 eam

850 3497 1343 3585 quaestionem
1407 3499 1509 3569 ad
1561 3501 1760 3569 hanc
1824 3500 2085 3571 reduci
2136 3521 2159 3569 .·
2216 3504 2482 3569 utrum
2520 3519 2788 3568 revera
2835 3496 3089 3587 possit

845 3628 1057 3700 Deus
1125 3632 1407 3720 futura
1490 3637 1562 3701 et
1637 3632 1938 3703 occulta
1999 3631 2436 3723 proevidere
2501 3629 3091 3720 hominibusque

852 3764 1394 3854 manifestare,
1439 3787 1674 3837 necne
1709 3790 1731 3837 .·
1780 3768 1986 3857 quod
2020 3767 2299 3856 cuique
2338 3766 2710 3837 catholico
2747 3765 3091 3857 theoloqo

845 3904 917 3969 et
957 3899 1222 3971 critico
1264 3900 1569 3973 nullum
1612 3903 1928 3975 dubium
1983 3904 2235 3995 affert.

943 4034 1155 4112 Quod
1187 4043 1446 4109 autem
1476 4041 1895 4131 prophetia
1922 4062 2074 4110 non
2099 4040 2354 4112 solum
2371 4037 2775 4131 possibilis
2802 4034 3078 4126 suerit,

837 4171 976 4242 sed
1024 4191 1290 4241 revera
1347 4174 1757 4263 exstiterit,
1807 4196 1957 4266 pro
2008 4175 2319 4247 modulo
2376 4180 2640 4245 nostro
2684 4170 3083 4243 ostendere

838 4330 1045 4381 nunc
1084 4332 1481 4385 conamur.
1530 4317 1631 4386 At
1674 4337 1878 4401 vero,
1923 4317 2033 4387 ita
2083 4317 2357 4408 inqens
2407 4321 2521 4386 est
2563 4309 3083 4406 prophetismi

836 4467 1196 4538 campuS,
1269 4455 1356 4520 ut
1412 4452 1821 4524 materiam
1895 4454 2177 4525 iterum
2245 4451 2716 4543 restrinyere
2774 4466 3080 4518 necesse
