3719 5650
1578 662 2067 728 -96-

702 816 999 891 cerunt.
1093 813 1583 890 Assaraddon
1667 813 1872 892 omni
1941 840 2081 919 ope
2155 820 2382 918 atque
2447 818 2672 921 opera
2736 816 2951 895 nisus

703 937 821 1009 est
867 937 956 1009 ut
1007 932 1440 1035 provincias
1486 959 1532 1010 a
1588 939 1803 1038 patre
1844 934 2170 1012 amissas
2209 942 2720 1040 recuperaret,
2765 937 2952 1014 fines

703 1050 1186 1147 extenderet,
1243 1052 1737 1156 AEgyptoque
1792 1057 1871 1130 et
1927 1052 2322 1156 AEthiopia
2377 1054 2774 1157 potiretur,
2844 1053 2954 1131 ita

699 1176 789 1247 ut
853 1171 1034 1273 jure
1098 1170 1471 1248 nominari
1529 1172 1861 1276 potuerit
1922 1201 1958 1245 ‹
2005 1196 2142 1249 rex
2204 1172 2748 1259 multitudinis,
2815 1197 2952 1249 rex

699 1296 929 1367 terrae
977 1290 1256 1385 Assur,
1308 1289 1537 1367 terrae
1584 1290 1938 1394 AEgypti,
1998 1294 2225 1369 terrae
2267 1290 2682 1393 AEthiopiae
2720 1288 2870 1395 (1).
2909 1320 2943 1360 »

700 1408 968 1486 Morbo
1048 1407 1465 1505 confectuS,
1561 1433 1722 1512 prae
1814 1409 2092 1488 timore
2179 1408 2582 1514 aegyptiaci
2670 1408 2954 1487 tumul-

702 1532 857 1624 tus,
926 1528 1324 1631 potestatis
1379 1528 1672 1607 socium
1739 1528 1878 1606 sibi
1942 1529 2297 1631 adjunxit
2358 1526 2946 1631 Assurbanipal,

705 1646 834 1748 qui
918 1652 1091 1750 post
1172 1647 1358 1725 duos
1446 1672 1724 1744 annoS,
1804 1647 2006 1725 circa
2084 1671 2370 1778 annum
2467 1647 2661 1742 668,
2753 1645 2955 1723 solus

707 1766 1087 1869 regnavit.

813 1884 980 1987 Ipse
1045 1888 1162 1962 est
1229 1882 1358 1986 qui
1421 1888 1874 1987 potestatem
1941 1907 2078 1988 per
2144 1884 2649 1986 quadraginta
2714 1883 2956 1961 ferme

708 2027 949 2080 annos
988 2002 1173 2081 adeo
1214 2002 1513 2107 egregie
1550 2003 1889 2081 exercuit
1925 2008 2008 2081 ut
2044 2003 2518 2108 assyriacum
2551 2004 2958 2107 imperium

711 2121 1328 2225 niniviticamque
1389 2121 1693 2201 laudem
1755 2124 1852 2201 ad
1925 2128 2309 2201 summum
2368 2122 2724 2201 extulerit
2796 2124 2960 2226 api-

713 2238 905 2320 cem.
972 2244 1217 2344 Asper
1276 2241 1506 2319 simul
1565 2247 1640 2320 et
1692 2242 1957 2338 sortis,
2013 2242 2296 2345 optime
2344 2245 2545 2344 jam,
2593 2256 2959 2346 regnante

713 2364 956 2462 patre,
1008 2360 1098 2437 de
1161 2360 1452 2464 populis
1509 2366 1892 2439 meruerat
1950 2359 2583 2464 validissimisque
2638 2366 2961 2464 praeerat

713 2480 1172 2557 exercitibus
1238 2481 1364 2581 qui
1439 2483 1583 2559 hoc
1654 2486 1996 2584 tempore
2053 2480 2325 2559 delecti
2386 2479 2716 2575 fuerint3
2781 2504 2958 2557 vere

714 2623 974 2675 omnes
1020 2623 1176 2701 prae
1238 2626 1322 2678 se
1375 2600 1665 2679 ferebat
1713 2607 1933 2679 notas
1989 2627 2085 2679 ex
2144 2603 2414 2703 quibus
2460 2600 2763 2705 flagella
2817 2599 2955 2677 Dei
3011 2691 3020 2703 ‚

717 2718 1294 2818 dignoscuntur.
1350 2720 1763 2822 Imperium
1822 2746 2048 2798 suum
2104 2721 2218 2799 ita
2278 2721 2678 2813 stabilivit,
2731 2723 2819 2797 ut
2867 2743 2955 2797 eo

712 2842 1015 2914 mortuo
1040 2838 1196 2939 J‘am
1228 2838 1418 2916 nihil
1444 2840 1741 2917 ruinam
1771 2842 1936 2942 ejus
1964 2841 2428 2944 portenderit
2451 2841 2599 2946 (2).
2634 2843 2950 2935 Tamen,

711 2962 881 3059 post
929 2958 1115 3035 duos
1166 2959 1550 3062 principes
1595 2985 1921 3062 quorum
1968 2961 2274 3040 nomina
2325 2962 2613 3040 incerta
2666 2985 2955 3039 reman-

711 3082 1008 3171 serunt,
1034 3077 1198 3154 ruit
1250 3078 1528 3157 Ninive
1570 3105 1743 3158 cum
1780 3084 1940 3159 tota
1981 3082 2357 3188 assyriaca
2393 3085 2761 3185 potestate
2797 3080 2946 3186 (3).

811 3358 1142 3462 XXXII.
1182 3406 1288 3417 —-
1315 3359 1516 3438 Urbs
1545 3364 1803 3439 tamen
1830 3359 2108 3438 Ninive
2145 3365 2373 3464 caput
2410 3365 2572 3438 erat
2608 3359 2943 3463 Assyriae

702 3481 784 3579 et
814 3479 911 3557 ad
950 3501 1123 3556 eum
1163 3477 1634 3584 splendorem
1663 3484 2111 3582 pervenerat
2146 3483 2315 3581 post
2338 3481 2663 3570 ¹obrutas
2706 3473 2947 3570 remu-4

697 3596 814 3674 Ias
865 3583 1116 3693 urbes,
1161 3600 1408 3675 Assur
1459 3622 1754 3701 nempe,
1813 3596 2093 3676 Calach
2141 3602 2216 3675 et
2255 3595 2798 3699 Dur-Sargon.
2855 3590 2949 3672 Ei

701 3742 884 3795 sane
938 3715 1194 3818 plures
1248 3716 1606 3820 assyriaci
1666 3741 1888 3820 reges
1943 3716 2132 3795 alias
2216 3717 2561 3820 regiones
2618 3720 2940 3824 antepol-

762 3939 836 3999 (1)
877 3936 965 3987 W.
989 3936 1056 3985 A.
1087 3936 1132 3996 Ι,
1160 3934 1266 3985 vol.
1300 3934 1349 3996 I,
1383 3943 1444 3984 n⁰
1473 3940 1500 3984 5
1533 3954 1544 3983 :
1589 3934 2233 4000 Αἐεμ,ι·-ο,1,ι·ἰᾱάἰηέαιϊιι
2274 3936 2410 3986 tabu
2447 3939 2557 3988 2....
2612 3937 2716 3988 Sar
2754 3935 2942 3987 kissati

697 4024 789 4061 sar
813 4010 928 4060 mat
950 4010 1203 4060 Assum...
1241 4014 1286 4061 4.
1314 4009 1419 4059 Sar
1445 4009 1595 4060 Sar-ri
1623 4012 1737 4061 mat
1763 4010 1983 4062 Mutsur
2012 4016 2115 4066 5....
2144 4011 2257 4060 mat
2280 4010 2443 4062 ku-si.
2748 4033 2756 4037 ·

758 4098 841 4160 (2)
870 4096 950 4148 Cs.
979 4096 1040 4149 E.
1070 4100 1134 4146 Α.
1166 4097 1237 4146 W
1266 4098 1472 4161 Bonos,
1516 4099 1741 4162 History
1763 4098 1828 4161 of
1842 4099 2216 4150 Esarhaddon.

759 4187 841 4248 (3)
876 4185 955 4235 Ad
986 4184 1311 4248 ampliorem
1340 4186 1572 4249 huJusce
1609 4187 1904 4249 assyriacae
1934 4186 2182 4237 historiae
2214 4187 2603 4251 cognitionem,
2635 4186 2703 4242 cf.
2737 4186 2945 4239 Lenon-

697 4275 868 4321 nxur,
914 4260 1154 4312 Histoire
1182 4263 1435 4312 ancienne
1482 4260 1543 4311 de
1588 4260 1831 4313 I’Orient.
1880 4289 1941 4300 —
1987 4262 2275 4325 Murano,
2312 4263 2547 4314 Histoire
2572 4264 2844 4318 anacteum..
2887 4289 2941 4303 ·-

696 4335 1043 4389 Rxwmisox.
1067 4336 1664 4387 AncientMona1·chies·
1688 4360 1749 4374 -
1775 4336 1825 4386 J.
1857 4337 2110 4397 Mamur,
2131 4339 2366 4390 Annales
2393 4337 2481 4387 des
2502 4338 2638 4389 Rois
2651 4336 2958 4400 dutum-ie.-

692 4433 753 4446 -
778 4409 842 4457 G.
884 4408 1079 4458 Suum.
1114 4411 1342 4461 Ancient
1380 4412 1605 4474 History
1636 4410 1779 4473 from
1814 4412 1910 4463 the
1924 4416 2270 4463 monuments.
2296 4414 2441 4462 -Α,
2477 4410 2669 4469 θυι-οε,
2695 4412 2953 4476 Assyria

700 4486 771 4536 its
824 4485 1055 4547 princes,
1102 4486 1299 4547 priests
1344 4485 1453 4536 and
1512 4487 1708 4551 people.
1753 4514 1815 4524 —
1861 4487 2113 4550 oppam,
2165 4489 2412 4540 Histoire
2451 4488 2539 4540 des
2591 4488 2821 4592 Μίνω
2876 4489 2954 4540 des

694 4557 920 4612 Chalcide
949 4562 1000 4610 et
1025 4559 1072 4610 α’
1075 4561 1313 4622 Assyrio.
