3719 5650
1658 739 2181 805 —202—

1866 988 1968 1056 lv

892 1184 1221 1276 Vulgata
1284 1182 1527 1254 versio
1601 1201 1645 1255 a
1708 1182 2141 1255 Tridentina
2210 1184 2511 1278 Synodo
2596 1184 3038 1254 authentica

789 1306 1165 1379 declarata
1236 1310 1388 1393 est,
1470 1325 1556 1377 eo
1626 1304 2039 1400 praesertim
2115 1325 2341 1378 sensu
2419 1305 2612 1398 quod
2680 1305 3034 1397 tanquam

792 1428 1279 1520 maqz‘stralis
1340 1428 1417 1499 in
1462 1448 1599 1499 usu
1660 1427 1952 1521 publico
2011 1427 2355 1501 Ecclesiae
2408 1428 2568 1501 sive
2647 1426 3032 1523 liturgico,

792 1553 948 1627 sive
990 1550 1404 1639 doctrinali,
1439 1551 1865 1645 usurpanda
1905 1552 2022 1625 sit.

1883 1795 1950 1861 V

852 1992 1302 2066 *Hebraicus
1343 1988 1888 2084 prophetismus
1925 1990 2427 2065 essentialiter
2476 2012 2522 2063 a
2586 1988 3038 2063 divinatione

794 2115 1193 2190 Gentilium
1232 2115 1622 2208 discrepat.

1865 2313 1973 2383 VI

894 2512 1059 2582 Non
1110 2510 1350 2582 solum
1394 2508 1815 2582 futurorum
1873 2512 2281 2584 eventuum
2321 2508 2563 2584 nuntii
2609 2510 2823 2583 erant
2863 2531 3040 2603 pro-

797 2636 1085 2725 phetae,
1147 2633 1275 2706 sed
1346 2633 1572 2706 etiam
1642 2631 1916 2705 divinae
1987 2631 2395 2706 voluntatis
2465 2632 2911 2727 interpretes
2973 2638 3047 2705 et

794 2756 1156 2830 doctores.

1840 2932 1994 3002 VII

892 3124 1582 3199 Extraordinarium
1632 3127 1708 3198 et
1747 3132 2340 3220 temporaneum,
2390 3148 2540 3200 non
2580 3148 2760 3202 vero
2803 3128 3044 3201 haere-

794 3250 1145 3323 ditarium
1182 3270 1270 3323 ac
1308 3248 1771 3338 continuum,
1812 3252 1975 3322 erat
2017 3251 2529 3343 propheticum
2571 3272 2869 3324 munus,

1826 3487 2020 3558 v111

898 3670 1084 3763 'Quia
1140 3682 1520 3778 prophetae
1568 3704 1689 3756 res
1728 3683 2017 3757 futuras
2074 3684 2350 3778 absque
2402 3687 2823 3781 temporum
2888 3687 3045 3760 dis-

800 3806 1179 3895 tinctione,
1227 3826 1313 3880 ac
1384 3806 1613 3880 veluti
1706 3827 1852 3878 uno
1925 3807 2142 3878 simul
2210 3807 2515 3897 intuitu,
2590 3809 3037 3901 praevident,

803 3950 948 4000 uno
1001 3949 1291 4020 quoque
1328 3934 1400 4001 et
1438 3931 1696 4002 eodem
1743 3928 2096 4001 vaticinio
2139 3932 2453 4003 eventus
2498 3930 2804 4004 realiter
2852 3932 3045 4004 inter

801 4072 881 4122 se
923 4051 1375 4143 temporibus
1414 4052 1704 4125 dissitos
1751 4052 1948 4125 haud
1992 4074 2157 4124 raro
2198 4054 2646 4127 coadunant.
2985 4059 2990 4062 ’

1868 4290 1982 4362 IX

906 4472 1453 4546 Authenticiias
1539 4474 1886 4547 secundae
1986 4476 2213 4566 partis
2291 4475 2497 4548 Isaiae
2579 4481 3048 4572 argumentis

803 4595 961 4664 tum
1023 4596 1376 4685 externis,
1432 4597 1595 4670 tum
1640 4597 1997 4684 interniS‚
2044 4597 2421 4689 probatur.
