3719 5650
1781 688 2275 778 .-“84.-

899 858 1184 937 terram
1237 864 1563 968 AEgypti
1609 865 1688 942 in
1735 866 2217 968 solitudines,
2266 868 2517 973 gladio
2575 870 3047 972 dissipatam,
3103 895 3150 946 a

900 977 1114 1054 turre
1155 979 1440 1083 Syenes
1479 1009 1723 1086 usque
1759 986 1857 1063 ad
1902 988 2266 1065 terminos
2305 987 2721 1090 AEthiopiae
2759 986 2904 1093 (l).
2948 1018 2985 1063 ›

1002 1221 1290 1302 XXVI.
1325 1270 1432 1284 —
1477 1226 1708 1304 Aliud
1737 1227 2018 1305 bellum
2054 1253 2102 1306 a
2139 1228 2844 1307 Nabuchodonosor
2885 1234 3151 1308 contra

893 1339 1325 1445 AEgyptum
1363 1345 1735 1424 directum
1774 1350 1921 1442 est,
1951 1348 2044 1424 de
2083 1373 2259 1449 qu0‚
2291 1348 2562 1426 unicus
2588 1348 2876 1444 forsan,
2903 1349 3150 1426 histo-

898 1457 1102 1537 ricus
1132 1461 1541 1542 laterculus
1562 1464 1784 1542 nobis
1806 1464 2144 1567 loquitur
2163 1466 2392 1568 quiin
2412 1465 2855 1544 Britannico
2882 1468 3150 1546 Museo

898 1585 1381 1678 asservatur3
1429 1585 1570 1660 etsi
1608 1585 1949 1686 graviter
1977 1589 2401 1679 truncatuS,
2439 1584 2604 1662 haec
2634 1591 2892 1664 tamen
2920 1587 3154 1664 verba

897 1694 1219 1799 legenda
1256 1704 1594 1803 praebet:
1648 1731 1686 1776 ‹
1731 1703 1901 1780 Lin.
1948 1702 2182 1780 13....
2225 1706 2448 1781 Anno
2493 1703 2625 1781 37⁰
2654 1704 3155 1783 Nabuchodo-

896 1840 1122 1894 nosor
1157 1819 1359 1921 regis
1399 1826 1627 1899 terrae
1670 1820 2318 1929 [Babyloniaej....

1002 1935 1174 2014 Lin.
1232 1939 1354 2018 14.
1390 1941 1477 2016 In
1518 1940 1949 2043 AEgyptum
1982 1941 2079 2016 ad
2125 1941 2612 2042 pugnandum
2656 1966 2796 2045 ego
2839 1940 3145 2047 [ivi]....

1009 2054 1082 2133 1.
1149 2055 1457 2161 [Copias
1518 2056 1746 2160 Ama]
1808 2084 1901 2135 su
1961 2055 2325 2164 (Amasis)
2385 2085 2523 2137 rex
2583 2059 2909 2163 AEgypti
2962 2085 3149 2138 con-

904 2174 1287 2277 gregavit.

999 2293 1080 2370 2.
1127 2293 1382 2398 [suum
1413 2293 1864 2400 exercitum]
1900 2297 2171 2373 movit.

1007 2412 1156 2489 3...
1200 2413 1461 2490 littora
1498 2414 1867 2492 maria...

1001 2533 1153 2609 4...
1191 2532 1553 2611 tributum
1588 2534 1852 2611 mediae
1884 2538 2142 2630 terrae,
2187 2537 2507 2638 AEgypti
2553 2534 2786 2641 [tuli].

1008 2651 1157 2728 5...
1212 2652 1469 2731 15000
1488 2651 1589 2758 (9)
1612 2652 1891 2730 milites
1918 2650 2052 2758 (⁶2),
2090 2680 2353 2757 equos,
2379 2679 2651 2731 currus
2680 2652 2882 2759 (2)...
2924 2653 3065 2760 (2).
3105 2686 3141 2729 »

900 2769 1172 2848 Cetera
1208 2775 1344 2849 aut
1392 2773 1921 2851 desiderantur
1963 2777 2099 2852 aut
2146 2774 2277 2851 vix
2318 2773 2466 2877 legi
2524 2778 2869 2877 possunt.
2933 2774 3150 2860 Quod

901 2914 1083 2965 sane
1112 2889 1391 2968 bellum
1421 2916 1592 2969 cum
1629 2894 2125 2970 antecedente
2157 2898 2234 2971 et
2266 2895 2405 2970 sub
2442 2893 2709 2995 Apries
2747 2918 2928 2995 rege
2964 2894 3147 2971 inito

901 3006 1259 3084 confundi
1326 3035 1477 3087 non
1549 3014 1823 3112 potest.
1901 3013 2191 3088 Forsan
2248 3010 2436 3087 illud
2505 3017 2624 3088 est
2687 3012 2885 3112 quod
2947 3012 3147 3088 Eze-

954 3162 1036 3224 (¹)
1067 3161 1178 3223 Ez„
1204 3179 1355 3222 xxix,
1389 3166 1467 3214 1⁰.

963 3256 989 3283 α
1018 3237 1081 3287 25
1109 3238 1257 3287 Avril
1291 3243 1498 3290 1890....
1521 3238 1584 3288 Je
1604 3253 1721 3287 sors
1748 3237 1814 3286 de
1845 3239 1974 3286 chez
2001 3237 2049 3286 le
2079 3252 2424 3301 gouverneur
2443 3237 2766 3299 d’Assouan,
2793 3253 2864 3287 un
2890 3237 2995 3288 bon
3020 3252 3146 3302 gros

897 3312 1106 3362 colone!
1144 3315 1420 3379 egypsten,
1460 3313 1593 3363 dont
1624 3312 1929 3377 j'apprecie
1964 3312 2234 3362 vivement
2270 3313 2320 3363 le
2352 3314 2643 3363 charmant
2678 3312 2892 3363 accueil
2927 3321 3009 3375 et,
3047 3329 3147 3378 par

901 3403 1006 3438 une
1037 3391 1408 3452 temperature
1452 3388 1517 3438 de
1558 3390 1681 3453 pres
1715 3387 1781 3436 de
1814 3392 1874 3436 60
1906 3387 2119 3450 degi-es,
2165 3389 2219 3436 la
2263 3387 2472 3438 freiche
2509 3389 2803 3441 limonade.
2837 3388 2878 3437 ΙΙ
2912 3394 3038 3438 veut
3060 3403 3146 3437 me

898 3462 1109 3513 donner
1130 3479 1235 3514 une
1257 3469 1468 3513 escorte
1497 3478 1636 3529 pour
1659 3478 1745 3512 me
1772 3461 1910 3511 faire
1931 3461 2124 3510 visitor
2146 3477 2207 3512 sa
2227 3463 2492 3528 capitale3
2517 3463 2658 3512 mais
2681 3462 2739 3527 je
2763 3463 2974 3528 presere
2996 3478 3149 3512 errer

897 3540 1010 3589 seul
1045 3545 1098 3588 et
1136 3543 1168 3589 a
1196 3539 1497 3589 l'aventure
1526 3543 1557 3588 ὰ
1590 3546 1795 3588 trevere
1837 3539 1913 3587 les
1945 3539 2146 3596 bazars,
2183 3539 2306 3602 puis
2342 3537 2391 3587 le
2422 3538 2551 3601 long
2583 3538 2656 3588 du
2686 3538 2876 3598 fleuve,
2908 3541 3148 3589 resnerre

895 3629 961 3663 en
996 3622 1115 3664 tous
1143 3629 1268 3664 sens
1303 3622 1357 3664 et
1391 3617 1562 3679 coupe
1595 3630 1693 3678 par
1721 3613 1816 3662 des
1847 3614 1995 3662 blocs
2024 3611 2089 3660 de
2122 3612 2352 3670 busane,
2388 3615 2458 3663 οἰι
2493 3628 2553 3662 sa
2586 3628 2777 3677 vague,
2816 3612 3148 3663 d’ordinaire

897 3689 943 3738 si
975 3690 1169 3751 calme,
1196 3691 1345 3739 vient
1368 3706 1425 3739 se
1467 3690 1645 3738 briser
1688 3704 1755 3737 en
1786 3691 2129 3737 acuminat...
2159 3687 2223 3736 Je
2267 3703 2353 3736 me
2404 3687 2520 3736 suis
2549 3687 2733 3738 oublie
2773 3689 2895 3737 bien
2933 3688 3055 3737 tard
3092 3697 3148 3738 et

899 3762 1022 3812 bien
1075 3763 1543 3827 imprudemment
1585 3778 1656 3811 au
1703 3761 1896 3810 milieu
1943 3761 2038 3809 des
2078 3761 2365 3810 cari-ieros.
2405 3760 2545 3810 Mais
2575 3762 2624 3810 le
2667 3761 2939 3826 spectacle
2979 3768 3063 3811 est
3102 3763 3147 3810 si

899 3836 1191 3900 grandiose
1230 3852 1328 3901 par
1363 3852 1423 3886 ce
1468 3837 1802 3900 magnifique
1842 3835 1983 3884 elair
2017 3835 2084 3884 de
2128 3835 2276 3898 lune,
2304 3835 2397 3900 qui
2440 3835 2542 3884 fait
2579 3835 2853 3886 scintillet·
2884 3836 2950 3885 de
2996 3835 3149 3885 mille

903 3909 1026 3959 seux
1071 3925 1161 3959 ces
1202 3911 1350 3960 blocs
1384 3912 1449 3959 de
1477 3910 1686 3973 syenite
1731 3917 1785 3958 et
1821 3908 1888 3957 de
1923 3909 2109 3971 granit
2150 3923 2286 3967 rose,
2330 3911 2399 3958 οἰι
2433 3909 2538 3958 l'on
2570 3924 2603 3957 a
2637 3909 2791 3959 tuille
2821 3913 2853 3959 A
2885 3909 3044 3958 loisir
3071 3909 3150 3958 les

901 3984 1175 4049 pharaone
1205 3985 1592 4048 gigantesques
1620 3983 1687 4032 de
1718 3990 1838 4032 tous
1872 3984 1950 4032 les
1988 3982 2244 4047 temples!
2275 3983 2641 4048 Aujourd’hui
2674 4000 2779 4033 une
2821 3990 2974 4033 autre
3007 3985 3156 4049 puis·¹

898 4072 1061 4109 sance
1099 4073 1333 4122 presque
1375 4058 1750 4122 pharaonique
1788 4058 2009 4106 domine
2051 4072 2246 4107 encore
2292 4057 2346 4107 la
2393 4058 2657 4108 situation
2692 4074 2704 4106 :
2739 4058 2870 4107 c’est
2907 4057 3044 4107 celle
3083 4058 3149 4108 de

899 4132 1280 4197 l’Angleterre‚
1305 4134 1590 4183 fleremem.
1612 4135 1834 4196 campee
1866 4147 1993 4181 avec
2023 4148 2109 4182 ses
2132 4139 2351 4197 troupes
2374 4149 2443 4184 au
2475 4140 2707 4202 sommet
2726 4133 2852 4183 d’un
2877 4133 3149 4183 mamelon

899 4211 1174 4262 couronne
1201 4209 1361 4258 d'une
1395 4208 1689 4258 forteresse
1729 4206 2027 4269 regat-dant
2057 4205 2109 4255 la
2139 4207 2316 4256 Nubie
2348 4224 2417 4257 au
2449 4208 2570 4265 sud,
2606 4208 2854 4272 l'Egypte
2892 4223 2962 4257 au
2994 4209 3151 4269 nord,

900 4293 955 4406 {t
1002 4283 1295 4348 rappelant
1338 4281 1803 4348 singulierement
1836 4283 1890 4330 la
1931 4290 2051 4331 tour
2080 4282 2146 4331 de
2184 4282 2358 4344 Syene
2394 4282 2526 4332 dont
2566 4282 2718 4348 parle
2759 4282 2996 4347 quelque
3031 4291 3155 4347 part

948 4358 1180 4408 zechiel.
1212 4378 1236 4403 n

968 4445 1035 4510 (2)
1071 4445 1434 4504 Wmnssumn,
1456 4446 1874 4500 Nebucadnezar
1895 4445 2005 4496 und
2027 4447 2291 4509 AEyypten
2323 4444 2375 4493 in
2409 4445 2738 4508 zeitschrift,
2759 4447 3153 4509 1878,p.87-88.

900 4519 1448 4644 -ng‘ffiSCRMDER'
1492 4523 1713 4574 Weitere
1756 4521 2155 4584 Bemerkunqen
2192 4531 2263 4570 zu
2304 4519 2400 4569 der
2433 4520 3152 4584 Nebucadnezar·1nschrist.

906 4596 923 4643 i
962 4595 981 4644 i
1023 4631 1057 4656 .,
1150 4599 1230 4654 79,
1269 4610 1318 4659 p.
1352 4600 1430 4646 ¹06.
