<?xml version="1.0" encoding="UTF-8"?>
<!DOCTYPE html PUBLIC "-//W3C//DTD XHTML 1.0 Transitional//EN"
    "http://www.w3.org/TR/xhtml1/DTD/xhtml1-transitional.dtd">
<html xmlns="http://www.w3.org/1999/xhtml" xml:lang="en" lang="en">
 <head>
  <title>
</title>
<meta http-equiv="Content-Type" content="text/html;charset=utf-8" />
  <meta name='ocr-system' content='tesseract 3.04.00' />
  <meta name='ocr-capabilities' content='ocr_page ocr_carea ocr_par ocr_line ocrx_word'/>
</head>
<body>
  <div class='ocr_page' id='page_1' title='image "./deoneribusbibli00rohagoog_0165.png"; bbox 0 0 3719 5650; ppageno 0'>
   <div class='ocr_carea' id='block_1_1' title="bbox 1455 722 1978 787">
    <p class='ocr_par' dir='ltr' id='par_1_1' title="bbox 1455 722 1978 787">
     <span class='ocr_line' id='line_1_1' title="bbox 1455 722 1978 787; baseline -0.008 2"><span class='ocrx_word' id='word_1_1' title='bbox 1455 722 1978 787; x_wconf 84' lang='lat'>—151—</span> 
     </span>
    </p>
   </div>
   <div class='ocr_carea' id='block_1_2' title="bbox 582 870 2834 1103">
    <p class='ocr_par' dir='ltr' id='par_1_2' title="bbox 582 870 2834 1103">
     <span class='ocr_line' id='line_1_2' title="bbox 582 870 2818 987; baseline -0.011 -17"><span class='ocrx_word' id='word_1_2' title='bbox 582 891 814 970; x_wconf 74' lang='lat' dir='ltr'><strong>fortes</strong></span> <span class='ocrx_word' id='word_1_3' title='bbox 871 879 1290 987; x_wconf 84' lang='lat' dir='ltr'><strong>Babylonis</strong></span> <span class='ocrx_word' id='word_1_4' title='bbox 1333 905 1380 957; x_wconf 86' lang='lat' dir='ltr'><strong>a</strong></span> <span class='ocrx_word' id='word_1_5' title='bbox 1433 874 1738 982; x_wconf 82' lang='lat' dir='ltr'><strong>praeli03</strong></span> <span class='ocrx_word' id='word_1_6' title='bbox 1807 873 2347 951; x_wconf 83' lang='lat' dir='ltr'><strong>habitaverunt</strong></span> <span class='ocrx_word' id='word_1_7' title='bbox 2398 871 2478 949; x_wconf 92' lang='lat' dir='ltr'><strong>in</strong></span> <span class='ocrx_word' id='word_1_8' title='bbox 2543 870 2818 973; x_wconf 83' lang='lat' dir='ltr'><strong>praesi-</strong></span> 
     </span>
     <span class='ocr_line' id='line_1_3' title="bbox 584 986 2834 1103; baseline -0.01 -15"><span class='ocrx_word' id='word_1_9' title='bbox 584 1009 766 1103; x_wconf 89' lang='lat' dir='ltr'><strong>diis;</strong></span> <span class='ocrx_word' id='word_1_10' title='bbox 813 1005 1266 1086; x_wconf 84' lang='lat' dir='ltr'><strong>devoratum</strong></span> <span class='ocrx_word' id='word_1_11' title='bbox 1304 1002 1419 1077; x_wconf 90' lang='lat' dir='ltr'><strong>est</strong></span> <span class='ocrx_word' id='word_1_12' title='bbox 1468 998 1699 1075; x_wconf 83' lang='lat' dir='ltr'><strong>robur</strong></span> <span class='ocrx_word' id='word_1_13' title='bbox 1738 999 2029 1087; x_wconf 80' lang='lat' dir='ltr'><strong>eorum,</strong></span> <span class='ocrx_word' id='word_1_14' title='bbox 2066 996 2140 1070; x_wconf 92' lang='lat' dir='ltr'><strong>et</strong></span> <span class='ocrx_word' id='word_1_15' title='bbox 2177 991 2360 1070; x_wconf 88' lang='lat' dir='ltr'><strong>facti</strong></span> <span class='ocrx_word' id='word_1_16' title='bbox 2398 994 2579 1068; x_wconf 90' lang='lat' dir='ltr'><strong>sunt</strong></span> <span class='ocrx_word' id='word_1_17' title='bbox 2615 986 2834 1092; x_wconf 84' lang='lat' dir='ltr'><strong>q&#39;uasi</strong></span> 
     </span>
    </p>
   </div>
   <div class='ocr_carea' id='block_1_3' title="bbox 585 1120 1247 1228">
    <p class='ocr_par' dir='ltr' id='par_1_3' title="bbox 585 1120 1247 1228">
     <span class='ocr_line' id='line_1_4' title="bbox 585 1120 1247 1228; baseline -0.024 -20"><span class='ocrx_word' id='word_1_18' title='bbox 585 1128 945 1208; x_wconf 80' lang='lat' dir='ltr'><strong>mulieres</strong></span> <span class='ocrx_word' id='word_1_19' title='bbox 989 1120 1136 1228; x_wconf 87' lang='lat' dir='ltr'>(l).</span> <span class='ocrx_word' id='word_1_20' title='bbox 1211 1150 1247 1192; x_wconf 83' lang='lat'><strong>»</strong></span> 
     </span>
    </p>
   </div>
   <div class='ocr_carea' id='block_1_4' title="bbox 589 1323 2841 1667">
    <p class='ocr_par' dir='ltr' id='par_1_4' title="bbox 589 1323 2841 1667">
     <span class='ocr_line' id='line_1_5' title="bbox 697 1323 2837 1435; baseline -0.007 -20"><span class='ocrx_word' id='word_1_21' title='bbox 697 1342 864 1420; x_wconf 92' lang='lat' dir='ltr'><strong>LX.</strong></span> <span class='ocrx_word' id='word_1_22' title='bbox 944 1381 1049 1396; x_wconf 94' lang='lat'>—</span> <span class='ocrx_word' id='word_1_23' title='bbox 1126 1330 1506 1435; x_wconf 86' lang='lat' dir='ltr'>Quidquid</span> <span class='ocrx_word' id='word_1_24' title='bbox 1548 1329 1676 1425; x_wconf 88' lang='lat' dir='ltr'><strong>sit,</strong></span> <span class='ocrx_word' id='word_1_25' title='bbox 1720 1326 2012 1405; x_wconf 89' lang='lat' dir='ltr'><strong>nullum</strong></span> <span class='ocrx_word' id='word_1_26' title='bbox 2050 1326 2537 1405; x_wconf 88' lang='lat' dir='ltr'><strong>nihilominus</strong></span> <span class='ocrx_word' id='word_1_27' title='bbox 2565 1323 2837 1428; x_wconf 85' lang='lat' dir='ltr'><strong>genui-</strong></span> 
     </span>
     <span class='ocr_line' id='line_1_6' title="bbox 589 1443 2841 1551; baseline -0.01 -10"><span class='ocrx_word' id='word_1_28' title='bbox 589 1487 773 1541; x_wconf 90' lang='lat' dir='ltr'><strong>num</strong></span> <span class='ocrx_word' id='word_1_29' title='bbox 825 1460 1169 1539; x_wconf 80' lang='lat' dir='ltr'><strong>remanet</strong></span> <span class='ocrx_word' id='word_1_30' title='bbox 1222 1448 1633 1551; x_wconf 83' lang='lat' dir='ltr'><strong>vestigium</strong></span> <span class='ocrx_word' id='word_1_31' title='bbox 1699 1451 2146 1524; x_wconf 82' lang='lat' dir='ltr'><strong>eventorum</strong></span> <span class='ocrx_word' id='word_1_32' title='bbox 2207 1469 2405 1546; x_wconf 77' lang='lat' dir='ltr'><strong>quae,</strong></span> <span class='ocrx_word' id='word_1_33' title='bbox 2450 1443 2841 1546; x_wconf 85' lang='lat' dir='ltr'><strong>Babylone</strong></span> 
     </span>
     <span class='ocr_line' id='line_1_7' title="bbox 597 1574 1405 1667; baseline -0.015 -7"><span class='ocrx_word' id='word_1_34' title='bbox 597 1586 886 1667; x_wconf 87' lang='lat' dir='ltr'><strong>ruente,</strong></span> <span class='ocrx_word' id='word_1_35' title='bbox 943 1574 1405 1655; x_wconf 75' lang='lat' dir='ltr'><strong>accidet-unt.</strong></span> 
     </span>
    </p>
   </div>
   <div class='ocr_carea' id='block_1_5' title="bbox 998 3493 2471 3562">
    <p class='ocr_par' dir='ltr' id='par_1_5' title="bbox 998 3493 2471 3562">
     <span class='ocr_line' id='line_1_8' title="bbox 998 3493 2471 3562; baseline -0.003 -14"><span class='ocrx_word' id='word_1_36' title='bbox 998 3496 1258 3548; x_wconf 62' lang='lat' dir='ltr'><strong>Coxvnffl</strong></span> <span class='ocrx_word' id='word_1_37' title='bbox 1298 3509 1400 3546; x_wconf 76' lang='lat' dir='ltr'><strong>sun</strong></span> <span class='ocrx_word' id='word_1_38' title='bbox 1444 3508 1665 3546; x_wconf 66' lang='lat' dir='ltr'><strong>1xv1csn</strong></span> <span class='ocrx_word' id='word_1_39' title='bbox 1704 3507 2074 3547; x_wconf 62' lang='lat' dir='ltr'><strong>paomxmrns</strong></span> <span class='ocrx_word' id='word_1_40' title='bbox 2116 3493 2270 3562; x_wconf 71' lang='lat' dir='ltr'><strong>(l’ag.</strong></span> <span class='ocrx_word' id='word_1_41' title='bbox 2331 3495 2471 3559; x_wconf 69' lang='lat'>152).</span> 
     </span>
    </p>
   </div>
   <div class='ocr_carea' id='block_1_6' title="bbox 605 3665 2873 4486">
    <p class='ocr_par' dir='ltr' id='par_1_6' title="bbox 605 3665 2873 4486">
     <span class='ocr_line' id='line_1_9' title="bbox 709 3665 2860 3747; baseline -0.001 -1"><span class='ocrx_word' id='word_1_42' title='bbox 709 3669 1124 3747; x_wconf 84' lang='lat' dir='ltr'><strong>Baltassari</strong></span> <span class='ocrx_word' id='word_1_43' title='bbox 1160 3668 1550 3747; x_wconf 84' lang='lat' dir='ltr'><strong>notissima</strong></span> <span class='ocrx_word' id='word_1_44' title='bbox 1602 3693 1815 3745; x_wconf 89' lang='lat' dir='ltr'><strong>coena</strong></span> <span class='ocrx_word' id='word_1_45' title='bbox 1851 3668 2151 3745; x_wconf 84' lang='lat' dir='ltr'><strong>nonnisi</strong></span> <span class='ocrx_word' id='word_1_46' title='bbox 2191 3667 2567 3744; x_wconf 73' lang='lat' dir='ltr'><strong>indirecte</strong></span> <span class='ocrx_word' id='word_1_47' title='bbox 2628 3665 2860 3743; x_wconf 89' lang='lat' dir='ltr'><strong>illus-</strong></span> 
     </span>
     <span class='ocr_line' id='line_1_10' title="bbox 607 3789 2861 3890; baseline -0 -25"><span class='ocrx_word' id='word_1_48' title='bbox 607 3792 857 3866; x_wconf 83' lang='lat' dir='ltr'><strong>tratur</strong></span> <span class='ocrx_word' id='word_1_49' title='bbox 942 3816 1040 3867; x_wconf 75' lang='lat' dir='ltr'><strong>ex</strong></span> <span class='ocrx_word' id='word_1_50' title='bbox 1116 3789 1520 3890; x_wconf 70' lang='lat' dir='ltr'><strong>assyriacis</strong></span> <span class='ocrx_word' id='word_1_51' title='bbox 1607 3790 2145 3884; x_wconf 74' lang='lat' dir='ltr'><strong>monumentis,</strong></span> <span class='ocrx_word' id='word_1_52' title='bbox 2226 3791 2606 3890; x_wconf 87' lang='lat' dir='ltr'><strong>quatenus</strong></span> <span class='ocrx_word' id='word_1_53' title='bbox 2693 3792 2861 3864; x_wconf 91' lang='lat' dir='ltr'><strong>tum</strong></span> 
     </span>
     <span class='ocr_line' id='line_1_11' title="bbox 606 3904 2866 4009; baseline 0 -25"><span class='ocrx_word' id='word_1_54' title='bbox 606 3905 916 4002; x_wconf 88' lang='lat' dir='ltr'><strong>Ninive,</strong></span> <span class='ocrx_word' id='word_1_55' title='bbox 984 3912 1152 3983; x_wconf 87' lang='lat' dir='ltr'><strong>tum</strong></span> <span class='ocrx_word' id='word_1_56' title='bbox 1219 3906 1610 4008; x_wconf 79' lang='lat' dir='ltr'><strong>Babylone</strong></span> <span class='ocrx_word' id='word_1_57' title='bbox 1669 3908 2014 4009; x_wconf 83' lang='lat' dir='ltr'><strong>probrosi</strong></span> <span class='ocrx_word' id='word_1_58' title='bbox 2076 3908 2393 3985; x_wconf 83' lang='lat' dir='ltr'><strong>istarum</strong></span> <span class='ocrx_word' id='word_1_59' title='bbox 2465 3904 2866 4009; x_wconf 85' lang='lat' dir='ltr'><strong>epularum</strong></span> 
     </span>
     <span class='ocr_line' id='line_1_12' title="bbox 605 4023 2867 4126; baseline 0.001 -26"><span class='ocrx_word' id='word_1_60' title='bbox 605 4048 859 4101; x_wconf 84' lang='lat' dir='ltr'><strong>mores</strong></span> <span class='ocrx_word' id='word_1_61' title='bbox 940 4023 1490 4126; x_wconf 80' lang='lat' dir='ltr'><strong>congruebant.</strong></span> <span class='ocrx_word' id='word_1_62' title='bbox 1579 4024 1816 4102; x_wconf 87' lang='lat' dir='ltr'><strong>Isaias</strong></span> <span class='ocrx_word' id='word_1_63' title='bbox 1894 4029 1972 4102; x_wconf 93' lang='lat' dir='ltr'><strong>et</strong></span> <span class='ocrx_word' id='word_1_64' title='bbox 2042 4026 2414 4104; x_wconf 85' lang='lat' dir='ltr'><strong>Jeremias</strong></span> <span class='ocrx_word' id='word_1_65' title='bbox 2493 4025 2611 4101; x_wconf 85' lang='lat' dir='ltr'><strong>his</strong></span> <span class='ocrx_word' id='word_1_66' title='bbox 2685 4051 2867 4103; x_wconf 87' lang='lat' dir='ltr'><strong>ver-</strong></span> 
     </span>
     <span class='ocr_line' id='line_1_13' title="bbox 616 4143 2866 4249; baseline 0.001 -29"><span class='ocrx_word' id='word_1_67' title='bbox 616 4143 732 4221; x_wconf 87' lang='lat' dir='ltr'><strong>bis</strong></span> <span class='ocrx_word' id='word_1_68' title='bbox 760 4169 1291 4246; x_wconf 81' lang='lat' dir='ltr'><strong>oppressorum</strong></span> <span class='ocrx_word' id='word_1_69' title='bbox 1331 4169 1647 4221; x_wconf 85' lang='lat' dir='ltr'><strong>suorum</strong></span> <span class='ocrx_word' id='word_1_70' title='bbox 1684 4145 1915 4222; x_wconf 89' lang='lat' dir='ltr'><strong>finem</strong></span> <span class='ocrx_word' id='word_1_71' title='bbox 1951 4146 2464 4249; x_wconf 60' lang='lat' dir='ltr'><strong>praedixerant</strong></span> <span class='ocrx_word' id='word_1_72' title='bbox 2512 4171 2530 4223; x_wconf 73' lang='grc' dir='ltr'>ε</span> <span class='ocrx_word' id='word_1_73' title='bbox 2584 4174 2620 4217; x_wconf 87' lang='lat'><strong>‹&lt;</strong></span> <span class='ocrx_word' id='word_1_74' title='bbox 2657 4147 2866 4222; x_wconf 88' lang='lat' dir='ltr'><strong>Pone</strong></span> 
     </span>
     <span class='ocr_line' id='line_1_14' title="bbox 612 4262 2867 4367; baseline 0 -28"><span class='ocrx_word' id='word_1_75' title='bbox 612 4287 951 4340; x_wconf 88' lang='lat' dir='ltr'><strong>mensam</strong></span> <span class='ocrx_word' id='word_1_76' title='bbox 976 4322 997 4359; x_wconf 91' lang='lat'><strong><em>‚</em></strong></span> <span class='ocrx_word' id='word_1_77' title='bbox 1083 4262 1595 4365; x_wconf 87' lang='lat' dir='ltr'><strong>contemplare</strong></span> <span class='ocrx_word' id='word_1_78' title='bbox 1684 4263 1763 4339; x_wconf 91' lang='lat' dir='ltr'><strong>in</strong></span> <span class='ocrx_word' id='word_1_79' title='bbox 1849 4264 2152 4367; x_wconf 85' lang='lat' dir='ltr'><strong>specula</strong></span> <span class='ocrx_word' id='word_1_80' title='bbox 2237 4262 2717 4341; x_wconf 82' lang='lat' dir='ltr'><strong>comedentes</strong></span> <span class='ocrx_word' id='word_1_81' title='bbox 2792 4267 2867 4340; x_wconf 91' lang='lat' dir='ltr'><strong>et</strong></span> 
     </span>
     <span class='ocr_line' id='line_1_15' title="bbox 607 4380 2873 4486; baseline 0 -28"><span class='ocrx_word' id='word_1_82' title='bbox 607 4380 946 4459; x_wconf 88' lang='lat' dir='ltr'><strong>bibentes</strong></span> <span class='ocrx_word' id='word_1_83' title='bbox 1021 4381 1167 4486; x_wconf 77' lang='lat'><strong>(2).</strong></span> <span class='ocrx_word' id='word_1_84' title='bbox 1257 4412 1294 4454; x_wconf 78' lang='lat'><strong>&gt;</strong></span> <span class='ocrx_word' id='word_1_85' title='bbox 1383 4425 1484 4438; x_wconf 89' lang='lat'>—</span> <span class='ocrx_word' id='word_1_86' title='bbox 1591 4412 1626 4453; x_wconf 87' lang='lat'>«</span> <span class='ocrx_word' id='word_1_87' title='bbox 1727 4380 1814 4458; x_wconf 87' lang='lat' dir='ltr'><strong>In</strong></span> <span class='ocrx_word' id='word_1_88' title='bbox 1909 4382 2155 4460; x_wconf 84' lang='lat' dir='ltr'><strong>calore</strong></span> <span class='ocrx_word' id='word_1_89' title='bbox 2247 4405 2509 4459; x_wconf 84' lang='lat' dir='ltr'><strong>eorum</strong></span> <span class='ocrx_word' id='word_1_90' title='bbox 2595 4405 2873 4482; x_wconf 87' lang='lat' dir='ltr'><strong>ponam</strong></span> 
     </span>
    </p>
   </div>
   <div class='ocr_carea' id='block_1_7' title="bbox 674 4547 2269 4700">
    <p class='ocr_par' dir='ltr' id='par_1_7' title="bbox 674 4547 2269 4700">
     <span class='ocr_line' id='line_1_16' title="bbox 674 4547 1130 4611; baseline 0.009 -16"><span class='ocrx_word' id='word_1_91' title='bbox 674 4549 738 4608; x_wconf 82' lang='lat'><strong>(1)</strong></span> <span class='ocrx_word' id='word_1_92' title='bbox 770 4547 918 4608; x_wconf 63' lang='lat' dir='ltr'><strong>Jssa„</strong></span> <span class='ocrx_word' id='word_1_93' title='bbox 946 4562 1020 4611; x_wconf 74' lang='lat' dir='ltr'><strong>m,</strong></span> <span class='ocrx_word' id='word_1_94' title='bbox 1048 4550 1130 4598; x_wconf 79' lang='lat'><strong>3¹.</strong></span> 
     </span>
     <span class='ocr_line' id='line_1_17' title="bbox 679 4634 2269 4700; baseline 0.002 -18"><span class='ocrx_word' id='word_1_95' title='bbox 679 4636 744 4697; x_wconf 79' lang='lat'><strong>(2)</strong></span> <span class='ocrx_word' id='word_1_96' title='bbox 773 4634 918 4699; x_wconf 47' lang='grc' dir='ltr'><strong>δελ,</strong></span> <span class='ocrx_word' id='word_1_97' title='bbox 943 4651 1006 4695; x_wconf 76' lang='lat' dir='ltr'><strong>m,</strong></span> <span class='ocrx_word' id='word_1_98' title='bbox 1045 4639 1124 4686; x_wconf 76' lang='lat'><strong>39.</strong></span> <span class='ocrx_word' id='word_1_99' title='bbox 1158 4663 1215 4672; x_wconf 90' lang='lat'><strong>—</strong></span> <span class='ocrx_word' id='word_1_100' title='bbox 1242 4634 1320 4686; x_wconf 78' lang='lat' dir='ltr'><strong>Cf.</strong></span> <span class='ocrx_word' id='word_1_101' title='bbox 1351 4634 1630 4696; x_wconf 68' lang='grc' dir='ltr'><strong>Ηειιοῡοτ,</strong></span> <span class='ocrx_word' id='word_1_102' title='bbox 1667 4634 1892 4700; x_wconf 69' lang='grc' dir='ltr'><strong>Ηίείο)·.,</strong></span> <span class='ocrx_word' id='word_1_103' title='bbox 1921 4635 2016 4686; x_wconf 87' lang='lat' dir='ltr'><strong>lib.</strong></span> <span class='ocrx_word' id='word_1_104' title='bbox 2041 4636 2133 4700; x_wconf 76' lang='lat'><strong>1‚§</strong></span> <span class='ocrx_word' id='word_1_105' title='bbox 2160 4639 2269 4686; x_wconf 72' lang='lat'><strong>191.</strong></span> 
     </span>
    </p>
   </div>
  </div>
 </body>
</html>
