3719 5650
1584 706 2069 773 -87.-

689 866 816 939 tus
884 863 1085 965 apud
1147 863 1426 939 Isaiam
1497 862 1852 964 requirit,
1924 828 2049 939 ille
2116 866 2231 940 est
2297 862 2424 964 qui
2489 862 2636 938 fide
2701 864 2934 941 nixus

689 983 1013 1085 AEgypti
1076 983 1664 1086 redemptionem
1735 1008 1782 1058 a
1854 982 2147 1059 Messia
2218 982 2534 1082 ejusque
2608 982 2940 1061 vocatio-

688 1126 864 1179 nem
915 1101 1579 1204 supernaturalem
1636 1100 2028 1201 praedicat,
2088 1100 2365 1202 quique
2420 1099 2498 1175 in
2551 1099 2693 1178 hac
2740 1130 2940 1206 prae-

688 1219 1029 1301 dictione.
1069 1219 1494 1298 considerat
1550 1245 1567 1296 z
1640 1249 1676 1291 ‹
1721 1218 1919 1295 Illud
1959 1217 2417 1295 adorationis
2456 1242 2694 1318 genus
2735 1223 2932 1320 quod
3036 1290 3047 1300 .

685 1362 951 1441 revera
1000 1340 1157 1415 Deo
1204 1335 1426 1414 offert
1469 1335 1802 1413 Ecclesia
1863 1334 2261 1429 catholica,
2316 1335 2660 1436 quodque
2700 1363 2936 1439 quum

677 1459 843 1557 Jam
902 1457 979 1532 in
1047 1461 1304 1533 vetere
1370 1454 1685 1550 foedere,
1746 1455 1820 1530 id
1877 1458 1995 1531 est
2041 1453 2119 1530 in
2174 1456 2447 1546 umbra
2496 1455 2926 1555 exsisteret,

685 1575 1132 1678 perfectiore
1202 1600 1292 1677 ac
1355 1574 1792 1651 sublimiore
1862 1573 2083 1651 modo
2163 1574 2241 1648 in
2325 1600 2526 1651 novo
2598 1576 2931 1656 exhiberi

685 1697 931 1792 debet,
979 1695 1093 1773 uti
1149 1696 1311 1798 ipsa
1362 1694 1655 1773 ratione
1692 1694 1856 1798 typi
1905 1697 2001 1773 ad
2049 1694 2597 1797 impletionem,
2644 1699 2932 1775 umbrae

683 1816 779 1892 ad
816 1815 1213 1892 veritatem
1255 1840 1395 1891 suo
1430 1815 1603 1917 jure
1640 1813 2002 1917 exigitur.
2046 1814 2635 1916 Consequuntur
2677 1824 2930 1898 autem

682 1933 761 2012 vi
829 1936 1237 2012 verborum
1313 1934 1686 2010 sacrificia
1759 1938 1834 2010 et
1906 1940 2088 2011 vota.
2166 1933 2308 2010 Dei
2380 1935 2920 2036 cognitionem,

681 2052 904 2155 idque
944 2053 1250 2147 merito;
1295 2076 1474 2129 nam
1514 2077 1659 2153 quo
1700 2051 2110 2154 perfectius
2148 2055 2636 2154 cognoscitur
2670 2057 2919 2151 Deu8‚

682 2196 768 2248 eo
836 2170 1230 2248 sublimior
1300 2171 1786 2248 desideratur
1859 2169 2112 2247 cultus
2178 2195 2324 2272 quo
2401 2170 2625 2248 homo
2701 2199 2927 2275 quam

681 2291 1101 2368 maximum
1172 2291 1329 2366 Deo
1394 2289 1755 2392 rependat
1822 2290 2182 2366 honorem
2240 2294 2316 2365 et
2371 2314 2597 2390 quam
2652 2290 2925 2392 plenis-

680 2411 868 2489 sime
894 2436 1109 2488 suam
1138 2414 1460 2487 testetur
1485 2410 1994 2504 devotionem3
2039 2413 2446 2511 utrumque
2472 2416 2729 2487 autem
2754 2437 2927 2515 per-

680 2528 1084 2608 fectissime
1130 2529 1289 2607 fieri
1346 2555 1479 2632 per
1533 2528 1902 2606 sacrificia
1941 2531 2019 2605 et
2055 2532 2273 2623 vota,
2318 2554 2414 2605 ex
2453 2528 2611 2630 ipsa
2650 2530 2923 2610 horum

678 2648 983 2726 notione
1030 2648 1250 2725 facilc
1291 2648 1701 2750 colligitur.
1746 2646 1966 2725 Unde
2010 2646 2239 2724 simul
2284 2647 2736 2749 perspicitur
2769 2677 2922 2729 ver-

676 2769 793 2846 bis
849 2770 1234 2873 prophetae
1285 2794 1436 2847 non
1495 2768 1872 2870 designari
1926 2793 2059 2870 pro
2096 2772 2433 2870 tempore
2475 2770 2922 2851 messianico

678 2887 970 2965 cultum
1022 2888 1271 2965 solum
1327 2888 1665 2965 oratione
1717 2887 1836 2963 vel
1890 2888 2102 2963 verbi
2153 2885 2291 2963 Dei
2336 2889 2921 2994 *annuntiatione

679 3011 1189 3100 constantem,
1251 3006 1381 3084 sed
1440 3004 1751 3082 describi
1789 3005 2308 3082 adorationem
2349 3006 2640 3085 actibus
2679 3012 2920 3087 sacri-

677 3126 829 3204 ficii
882 3134 960 3204 et
999 3130 1355 3205 votorum
1389 3127 1782 3230 praeclaris
1832 3125 2252 3203 exhibitam
2299 3124 2446 3232 (1)
2502 3158 2538 3200 »

784 3247 1034 3332 Quum
1074 3245 1276 3323 enim
1310 3246 1470 3323 ruit
1502 3269 1970 3348 paganorum
2000 3245 2370 3338 doctrina,
2416 3245 2618 3323 circa
2659 3249 2916 3326 Nilum

676 3364 1015 3441 Ecclesia.
1079 3364 1351 3441 florida
1423 3365 1754 3468 plurium
1830 3364 2156 3439 decursu
2225 3363 2673 3440 saeculorum
2746 3392 2918 3444 cum

674 3509 909 3586 regno
954 3484 1094 3561 Dei
1133 3489 1209 3562 et
1253 3483 1553 3586 justitia
1604 3485 1771 3585 ejus
1817 3481 2268 3559 instituitur.
2316 3480 2541 3558 Multi
2591 3509 2724 3585 per
2787 3485 2917 3563 de-

676 3608 878 3680 serta
917 3604 1322 3681 Thebaidis
1361 3605 1767 3680 sanctitate
1810 3600 2301 3695 effulserunt;
2337 3601 2558 3677 multi
2595 3603 2917 3682 Alexan-

673 3723 856 3798 driae
897 3721 1236 3799 doctrina
1274 3723 1569 3825 fideque
1609 3721 1992 3823 conspicui
2031 3722 2479 3814 floruerunt,
2514 3722 2735 3799 multi
2776 3750 2910 3825 pro

674 3839 960 3916 Christi
992 3840 1294 3916 nomine
1321 3843 1607 3917 terram
1646 3841 1847 3916 hanc
1892 3838 2260 3941 sanguine
2298 3863 2434 3915 suo
2473 3864 2910 3943 consperse-

669 3961 885 4035 runt.
904 3959 1292 4060 AEgyptus
1317 3959 1619 4061 quidem
1646 3958 1963 4060 pristina
1984 3959 2263 4059 pietate
2285 3958 2909 4039 subMahumeta-

669 4099 939 4153 norum
968 4079 1148 4178 jugo
1187 4076 1661 4172 destituitur3
1700 4100 1901 4153 nunc
1949 4079 2200 4153 autem
2243 4075 2614 4154 catholica
2655 4079 2909 4157 Eccle-

668 4193 779 4271 sia
817 4219 1071 4272 coram
1111 4219 1371 4272 errore
1409 4198 1591 4289 stat,
1636 4195 1921 4297 templa
1945 4192 2206 4295 erigit,
2242 4217 2544 4269 crucem
2581 4196 2903 4292 extollit,

667 4314 777 4391 ita
804 4320 893 4390 ut
927 4315 1023 4392 ad
1058 4316 1261 4417 ripas
1284 4313 1441 4391 Nili
1469 4323 1544 4391 et
1572 4313 1649 4391 in
1689 4315 1841 4390 situ
1881 4315 2138 4389 Luxor
2167 4310 2517 4389 eflectum
2547 4321 2902 4418 consequi

667 4431 1017 4510 videatur
1061 4433 1447 4536 prophetae
1489 4435 1808 4510 verbum
1846 4459 1864 4509 :
1914 4460 1951 4504 ε(
1989 4432 2078 4508 In
2134 4429 2253 4508 die
2297 4430 2428 4507 illa
2476 4434 2619 4510 erit
2666 4434 2908 4515 altare

730 4590 798 4653 (1)
832 4588 1259 4650 Kmssxnxnsn,
1282 4591 1341 4643 in
1372 4591 1592 4652 Isaiam,
1618 4589 1660 4652 Ι,
1690 4605 1743 4655 p.
1769 4591 1877 4641 ³93.
