3719 5650
1543 715 2026 783 -37-

646 872 904 977 populi
948 876 1269 951 servatae
1319 878 1527 969 sunt,
1578 897 1823 974 usque
1867 871 2045 951 dum
2094 872 2348 950 divina
2404 871 2889 950 Providentia

644 990 1169 1095 babylonicam
1206 991 1726 1094 captivitatem
1772 989 2231 1093 permiserit.

753 1269 892 1345 XI.
973 1316 1066 1324 —
1156 1268 1436 1348 Civiles
1540 1269 2151 1373 perturbationes
2228 1296 2396 1373 quae
2421 1329 2440 1365 ,
2511 1269 2897 1372 prophetae

645 1388 863 1465 Isaiae
926 1387 1432 1490 temporibus,
1500 1391 1745 1465 totum
1810 1387 2199 1467 Orientem
2263 1389 2748 1481 everterunt,
2818 1385 2897 1462 in

634 1505 1020 1610 judaicam
1060 1511 1372 1607 gentem
1409 1533 1562 1585 non
1598 1507 1892 1584 minimi
1929 1508 2278 1611 ponderis
2324 1507 2665 1603 fuerunt,
2713 1532 2895 1610 qua-

643 1630 872 1703 tenus
933 1627 981 1704 J
989 1626 1157 1703 udae
1202 1650 1529 1729 regnum
1578 1628 1945 1729 majorem
1994 1628 2374 1705 influxum
2433 1631 2509 1705 et
2546 1627 2896 1704 notitiam

647 1744 1009 1841 obtinuit,
1075 1745 1617 1849 permultisque
1668 1752 1744 1824 et
1792 1746 2248 1824 omnimodis
2294 1747 2614 1850 negotiis
2657 1747 2899 1824 inter-

647 1864 978 1968 positum
1002 1868 1146 1942 est.
1175 1864 1374 1941 Hinc
1400 1890 1708 1943 necesse
1747 1869 1913 1942 erat
1942 1873 2029 1944 ut
2059 1866 2152 1944 de
2183 1866 2544 1944 Gentium
2566 1865 2896 1944 fortunis

649 1984 894 2085 magis
935 1982 1242 2061 solliciti
1284 1986 1555 2062 fierent
1586 1986 1634 2062 J
1643 1986 1866 2080 udaei,
1903 2011 2141 2088 eaque
2175 1990 2705 2063 scrutarentur
2730 2011 2899 2088 quae

649 2127 696 2179 a
733 2102 1037 2204 Tigride
1094 2103 1189 2180 ad
1239 2102 1497 2179 Nilum
1543 2128 1822 2205 usque,
1881 2104 1960 2182 in
2013 2103 2378 2207 Assyria,
2425 2103 2892 2207 Babylonia,

650 2225 994 2326 AEgypto
1034 2226 1110 2300 et
1147 2223 1548 2325 AEthiopia
1586 2224 2060 2321 eveniebant,
2105 2226 2285 2303 dum
2324 2229 2545 2301 antea
2585 2226 2677 2301 de
2728 2224 2901 2301 idu-

651 2339 861 2416 maeis
892 2343 967 2417 et
989 2339 1451 2418 damascenis
1482 2346 1780 2419 tantum
1809 2344 2036 2420 rebus
2076 2342 2679 2420 sciscitabantur.
2712 2342 2898 2421 Haec

652 2484 853 2536 nova
906 2459 1266 2562 adjuncta
1315 2461 1733 2562 praesertim
1790 2462 1870 2537 in
1935 2461 2027 2537 iis
2083 2487 2252 2563 quae
2313 2460 2407 2540 ad
2456 2461 2901 2564 prophetias

655 2584 1004 2683 spectant
1043 2585 1439 2683 apparent.
1513 2581 1707 2661 Cum
1747 2582 1948 2659 Isaia
2005 2582 2205 2659 enim
2262 2584 2575 2684 ejusque
2630 2583 2905 2660 coaevis

653 2702 1113 2777 universale
1151 2701 1237 2776 fit
1278 2700 1694 2803 prophetiae
1744 2702 2126 2804 objectum
2167 2705 2245 2778 et
2280 2700 2484 2778 ultra
2531 2701 2902 2779 Israeliti-

652 2844 780 2896 cos
817 2819 1188 2897 terminos
1227 2818 1324 2897 ad
1377 2845 1497 2897 res
1544 2823 1622 2898 et
1672 2845 2030 2923 personas
2085 2821 2320 2898 totius
2360 2820 2693 2899 Orientis
2748 2820 2898 2899 late

653 2939 1131 3033 extenditur;
1178 2963 1340 3015 sors
1382 2939 1745 3016 Gentium
1784 2963 1956 3016 cum
1996 2943 2198 3016 sorte
2237 2939 2285 3016 J
2297 2940 2687 3015 udaeorum
2724 2964 2905 3046 con-

651 3057 1048 3159 jungitur3
1096 3082 1248 3136 non
1287 3056 1532 3134 solum
1567 3057 1798 3134 Israel
1847 3063 1965 3135 est
2003 3057 2405 3134 haereditas
2446 3059 2613 3153 Dei,
2656 3050 2784 3136 sed
2830 3063 2906 3135 et

662 3204 700 3248 ⁴<
742 3176 1200 3253 Benedictus
1239 3175 1571 3278 populus
1610 3199 1827 3252 meus
1857 3176 2187 3279 AEgypti
2218 3181 2509 3278 etopus
2543 3201 2906 3254 manuum

655 3319 1000 3372 mearum
1056 3294 1374 3397 Assyrio
1430 3292 1576 3399 (1).
1634 3325 1670 3366 »
1732 3297 1819 3370 ut
1866 3295 1976 3370 ait
2021 3294 2418 3371 Dominus,
2476 3295 2674 3371 Hinc
2724 3319 2907 3396 pro-

654 3413 931 3516 phetiae
981 3415 1342 3492 adversus
1397 3416 1678 3491 Gentes
1738 3415 2002 3492 eadem
2058 3415 2349 3491 ratione
2408 3414 2906 3516 requiruntur

655 3559 804 3638 qua
841 3533 1257 3637 prophetiae
1296 3559 1480 3637 erga
1518 3534 1776 3637 ipsum
1812 3535 1862 3611 J
1867 3535 2042 3612 uda.

758 3807 931 3884 XII.
978 3857 1055 3868 -
1121 3808 1476 3902 Demum,
1526 3807 1592 3884 si
1619 3807 1910 3910 judaici
1958 3804 2214 3909 populi
2266 3805 2427 3881 vita
2472 3828 2569 3880 ex
2622 3802 2911 3882 duabus

651 3925 1001 4027 gentibus
1024 3926 1398 4028 pendebat
1427 3952 1597 4029 quae
1641 3926 1732 4004 de
1777 3925 2095 4027 imperio
2131 3922 2463 4001 Orientis
2494 3919 2906 3999 contende-

654 4047 863 4140 bant,
892 4045 940 4121 J
946 4045 1319 4145 udamque
1347 4045 1522 4121 hinc
1551 4049 1626 4122 et
1665 4045 1875 4121 illinc
1905 4068 2162 4121 secum
2188 4042 2501 4119 trahere
2529 4040 2901 4117 conaban-

653 4167 810 4257 tur,
851 4188 1002 4240 non
1043 4163 1461 4266 spernendo
1514 4162 1592 4239 in
1645 4163 1846 4240 idem
1894 4186 2217 4265 regnum
2269 4161 2572 4238 influxu
2639 4162 2907 4236 ceterae

655 4284 928 4362 vicinae
959 4289 1226 4387 gentes
1259 4284 1737 4381 fruebantur,
1784 4309 1974 4388 quas
2010 4284 2602 4362 circumstantiae
2647 4286 2721 4357 et
2770 4283 2910 4358 bo-

656 4427 842 4480 num
871 4403 1255 4506 publicum
1283 4402 1535 4482 fausta
1564 4403 1685 4481 vel
1714 4404 2043 4482 adversa
2078 4403 2205 4480 via
2234 4401 2690 4479 alliciebant.
2720 4400 2906 4477 Per-

723 4608 801 4670 (ι)
840 4606 932 4671 Is„
957 4612 1171 4666 11x‚25.
