3719 5650
1639 661 2131 726 —122-,-

766 814 1032 885 niones
1100 836 1277 886 cum
1359 815 1917 886 recentissimis
1992 818 2347 905 conferre
2399 815 2775 902 juvisset,
2852 813 3012 885 nisi

769 949 1066 1021 diutius
1095 950 1177 1020 in
1203 948 1705 1039 inquisitione
1731 950 2028 1021 morari
2052 964 2583 1042 repugnasset.
2605 991 2698 1000 —
2715 950 2801 1039 B)
2829 949 3011 1021 Etsi

760 1086 1180 1176 permulta,
1200 1108 1299 1157 ecc
1324 1086 1803 1158 documentis
1839 1085 2287 1176 nuperrime
2323 1086 2667 1177 repertis,
2692 1106 3009 1177 coqnos-

761 1240 929 1290 cere
963 1223 1098 1310 fas
1125 1220 1259 1311 sit,
1294 1221 1536 1311 plura
1584 1225 1841 1291 tamen
1874 1218 2198 1290 obscura
2237 1226 2576 1306 manent,
2617 1221 2782 1292 sive
2819 1221 3009 1311 quia

754 1354 1131 1426 nonnulla
1181 1376 1280 1425 ex
1326 1359 2000 1426 monumentorum
2047 1354 2637 1445 investiyatione
2687 1356 3008 1427 minime

754 1488 1303 1579 eoeplanantur,
1367 1488 1530 1559 sive
1586 1489 1772 1579 quia
1813 1490 2255 1580 prophetice
2317 1496 2608 1560 natura
2655 1490 3007 1562 nubilum

755 1622 1189 1693 necessario
1250 1643 1512 1694 secum
1567 1622 1859 1707 trahit,·
1915 1624 2171 1695 adhue
2222 1623 2470 1714 iyitur
2518 1629 2677 1693 stat
2729 1623 3010 1694 classi-

760 1779 1026 1830 corum
1081 1758 1421 1848 fontium
1481 1759 1936 1840 auctoritaS,
2003 1760 2240 1831 donec
2287 1759 2670 1849 proesenti
2719 1760 3008 1832 soeculo

760 1891 1211 1963 adinventos
1263 1892 1665 1962 thesauros
1703 1895 2160 1982 futurorum
2206 1898 2639 1985 temporum
2682 1898 3009 1985 fortuna

761 2027 1148 2118 adauyere
1198 2028 1478 2099 valeat.
1519 2068 1619 2080 —
1656 2027 1736 2119 C)
1774 2030 1955 2100 Non
1997 2031 2289 2120 poterit
2328 2036 2581 2101 tamen
2630 2031 2713 2101 in
2739 2037 3009 2122 poste-

760 2182 939 2233 rum
978 2161 1176 2233 solvi
1201 2162 1621 2234 intrinseca
1659 2163 2103 2254 dz'fficultaS‚
2143 2187 2379 2255 quam
2420 2166 2689 2237 latinae
2718 2166 3012 2258 linquae

762 2316 982 2385 usus,
1040 2303 1128 2367 ut
1200 2303 1690 2388 eoeponantur
1748 2320 1901 2383 res,
1968 2320 2221 2370 mores
2281 2306 2355 2371 et
2408 2301 2711 2372 exuviae
2774 2302 3010 2373 totius

766 2432 1140 2520 Orientis,
1232 2436 1971 2525 transferanturque
2040 2436 2132 2507 de
2203 2436 2422 2507 verbo
2500 2438 2603 2508 ad
2697 2437 3009 2509 verbum

763 2569 1306 2659 inscriptiones
1331 2570 1753 2660 aliquando
1773 2572 2285 2661 subobscuroe‚
2301 2576 2735 2647 necessario
2751 2597 3012 2647 secum

772 2704 1012 2774 trahit
1047 2725 1063 2774 :
1097 2725 1274 2794 quoe
1303 2705 1651 2776 benevolo
1675 2706 1941 2778 lectori
1963 2708 2358 2780 declarare
2382 2732 2533 2780 non
2564 2710 3007 2800 diffitemur,

766 2841 978 2912 haud
1039 2846 1197 2911 tam
1250 2842 1341 2913 de
1391 2842 1774 2913 sermonis
1827 2844 2211 2935 eleyantia
2265 2866 2501 2935 quam
2547 2849 2638 2918 de
2695 2849 3016 2919 veritate

766 2998 1029 3048 rerum
1069 2978 1413 3049 solliciti.

876 3113 968 3184 Ut
999 3118 1258 3183 autem
1290 3115 1429 3184 hoc
1456 3113 1948 3204 opusculum,
1979 3136 2131 3186 non
2163 3122 2321 3188 tam
2343 3119 2694 3208 propriis
2722 3119 3013 3191 viribus

696 3309 701 3316 .
767 3252 1244 3338 congestum,
1284 3269 1522 3338 quam
1577 3270 1675 3319 esc
1739 3248 2313 3321 laudatissimis
2360 3252 2511 3322 oevi
2551 3254 2803 3323 nostri
2852 3253 3012 3323 cri-

770 3382 945 3453 ticis
979 3383 1376 3467 haustum,
1416 3425 1509 3434 —
1553 3384 1824 3473 quales
1858 3390 2044 3456 sunt
2087 3386 2286 3456 clari
2325 3388 2479 3457 viri
2516 3388 3008 3473 Lenormant,

767 3519 1129 3609 Babelon,
1150 3520 1461 3611 Oppert‚
1484 3522 1959 3612 Viyouroux,
1982 3521 2377 3613 Meiqnan,
2398 3523 2774 3611 Delattre‚
2797 3524 3014 3595 Rau>-

774 3656 1054 3743 linson‚
1118 3656 1389 3748 Sayoe,
1453 3657 1751 3748 Budye²
1815 3657 2225 3742 Schrader,
2289 3657 2865 3743 Knabenbauer,
2918 3698 3017 3711 —

773 3788 1016 3880 loyice
1062 3790 1481 3876 dividatur,
1542 3792 1874 3863 materia
1928 3813 2080 3863 non
2124 3792 2337 3865 sinit.
2397 3793 2586 3864 Post
2624 3794 3016 3884 proevium

770 3944 952 4015 erqo
1009 3930 1243 4015 caput
1292 3926 1369 3994 in
1428 3948 1579 4017 quo
1634 3927 2037 4017 ,qenerales
2085 3929 2499 4000 traduntur
2532 3930 2875 4000 notiones
2930 3931 3022 4001 de

779 4058 1144 4133 oneribus
1204 4067 1470 4132 contra
1532 4063 1800 4133 Gentes
1847 4066 1919 4133 et
1976 4063 2069 4133 de
2121 4068 2459 4154 tempore
2511 4085 2661 4154 quo
2702 4065 3020 4155 prolata

773 4201 984 4284 sunt,
1028 4196 1610 4267 consideramus
1669 4219 1757 4267 ea
1808 4218 2010 4287 quae,
2049 4203 2286 4283 juoeta
2337 4199 2617 4269 seriem
2663 4200 3021 4290 imperio-

779 4354 957 4405 rum
996 4337 1065 4401 et
1102 4331 1633 4420 victoriarum,
1683 4334 1785 4404 ad
1827 4333 2291 4424 4E9yptum,
2343 4335 2708 4419 Niniven,
2767 4334 3023 4426 Baby-

782 4467 1057 4554 lonem,
1130 4466 1421 4557 Tyrum
1473 4472 1544 4536 et
1598 4467 1960 4538 Sidonem
2006 4468 2429 4557 pertinent.
2492 4470 2698 4540 Adeo
2761 4475 3021 4541 autem
