3719 5650
1450 723 1977 794 —185—

597 903 857 957 omnes
913 887 1311 957 enumerat
1361 877 1509 983 (l),
1577 878 1793 955 nulla
1846 880 1936 958 fit
1980 879 2169 983 Tyri
2222 878 2502 955 mentio
2532 904 2549 975 ;
2606 878 2832 981 quid-

595 1000 776 1103 quid
831 1024 1014 1102 ergo
1053 996 1170 1105 (2)
1212 1000 1515 1102 quidam
1567 998 2016 1101 interpretes
2069 1002 2332 1076 contra
2368 1000 2830 1096 censuerint,

593 1145 747 1198 non
798 1121 1107 1200 videtur
1158 1122 1423 1199 urbem
1471 1120 1550 1197 vi
1588 1143 2028 1221 occupasse.

700 1407 1020 1487 LXXV.
1112 1453 1203 1464 —-
1284 1405 1386 1511 C)
1449 1406 1706 1483 Tertia
1770 1406 2071 1484 demum
2132 1409 2482 1508 superest
2536 1411 2844 1485 senten-

601 1528 709 1603 tia
772 1524 933 1633 (3),
1000 1526 1121 1605 cui
1168 1525 1387 1630 plene
1434 1524 1926 1620 assentimur,
1969 1529 2047 1602 et
2099 1550 2268 1627 quae
2306 1550 2354 1601 a
2398 1524 2843 1628 prophetica

588 1647 1063 1749 praescIentia
1089 1670 1241 1724 non
1269 1645 1651 1724 abhorret.
1694 1646 1814 1722 Ad
1841 1642 2279 1721 hebraicum
2314 1668 2496 1746 ergo
2542 1648 2838 1723 textum

588 1769 1102 1861 recurrentes,
1145 1764 1357 1842 illum
1399 1763 1507 1842 sic
1551 1761 2041 1867 interpretari
2095 1787 2248 1841 non
2310 1763 2746 1843 dubitamus
2810 1792 2829 1842 ε

596 1915 634 1958 «
673 1884 877 1963 Ecce
903 1897 1117 1964 terra
1144 1885 1715 1978 Chaldoeorum,·
1745 1928 1852 1940 -—-
1893 1884 2032 1960 iste
2054 1886 2414 1988 populus
2443 1910 2606 1962 non
2631 1886 2827 1986 fuit,

589 2004 1031 2109 Assyriam
1088 2005 1423 2083 tradidit
1482 2002 1958 2081 deserticolis
1999 2002 2183 2105 (seu
2232 2005 2440 2103 feris
2487 2005 2821 2101 deserti),

590 2169 693 2183 —-
731 2130 1062 2228 eriqunt
1100 2136 1357 2201 turres
1410 2147 1624 2217 suaS,
1669 2123 1843 2224 ejus
1898 2122 2217 2223 palatia
2253 2133 2634 2215 evertunt,
2672 2150 2829 2226 po-

594 2255 801 2321 nunt
836 2270 1007 2322 eam
1053 2251 1142 2319 in
1180 2243 1537 2321 ruinam.
1586 2271 1625 2315 ›

696 2363 948 2467 Igitur
1030 2361 1366 2441 Chaldaei
1450 2360 1952 2464 indigitantur
2035 2362 2399 2463 tanquam
2489 2361 2835 2442 divinum

578 2481 960 2585 judicium
999 2479 1475 2585 adimpleturi
1512 2480 1591 2557 in
1628 2481 1919 2583 Tyrum
1956 2478 2120 2558 sive
2155 2479 2498 2559 turribus
2539 2480 2830 2585 erigen-

588 2601 737 2696 dis,
781 2600 943 2679 sive
1002 2604 1193 2680 urbe
1250 2601 1756 2705 expugnanda
1804 2604 1882 2676 et
1937 2599 2414 2679 destruenda.
2477 2600 2635 2678 Nec
2688 2602 2835 2679 mi-

588 2744 790 2817 rum,
838 2721 903 2797 si
938 2745 1073 2823 per
1110 2719 1571 2799 sententiam
1617 2719 2094 2822 interjectam
2137 2718 2464 2822 populus
2500 2718 2632 2798 ille
2666 2722 2823 2824 qui,

587 2841 928 2945 Assyriis
1002 2841 1082 2919 in
1154 2840 1596 2919 universam
1669 2841 1936 2919 Asiam
2003 2838 2159 2916 late
2223 2838 2824 2937 dominantibuS,

588 2982 844 3036 coram
879 2961 925 3038 J
933 2959 1168 3038 udaeis
1195 2965 1271 3038 et
1293 2957 1814 3057 PhoenicibuS,
1849 2958 2163 3062 perinde
2190 2983 2281 3038 ac
2318 2959 2381 3037 si
2416 2985 2569 3038 non
2595 2968 2823 3058 esset,

587 3079 924 3181 reputari
960 3084 1237 3182 potest,
1270 3080 1436 3182 Jam
1474 3102 1632 3181 prae
1680 3077 1920 3156 oculis
1958 3075 2180 3154 Isaiae
2235 3082 2599 3180 tanquam
2653 3104 2831 3156 vas-

590 3200 793 3274 tator
863 3197 1080 3300 regni
1146 3196 1517 3301 assyriaci
1579 3200 2023 3299 appareat:
2091 3195 2329 3274 Isaias
2383 3195 2629 3293 enim,
2701 3196 2830 3300 qui

590 3315 976 3395 multoties
1048 3317 1463 3422 Babylonis
1490 3377 1510 3413 ,
1605 3315 1939 3393 nondum
2042 3315 2381 3393 florentis
2408 3375 2428 3412 ,
2528 3315 2829 3393 ruinam

592 3435 1059 3515 vaticinatus
1113 3441 1263 3531 est,
1316 3435 1631 3515 Ninives
1689 3434 1887 3512 sicut
1933 3439 2013 3513 et
2058 3434 2242 3537 Tyri
2297 3439 2579 3513 sortem
2632 3462 2828 3540 prae-

591 3549 835 3635 dicere
885 3556 1117 3635 valet.
1170 3601 1274 3616 —
1325 3556 1722 3651 Ceterum,
1779 3553 2078 3632 etiamsi
2128 3556 2348 3634 Isaiae
2414 3557 2831 3659 denegetur

587 3675 1025 3778 prophetica
1082 3675 1320 3754 futuri
1391 3674 1754 3777 temporis
1811 3671 2119 3769 notitia,
2182 3698 2389 3751 mere
2422 3674 2829 3753 ‘naturalis

590 3794 1036 3896 cognitionis
1073 3794 1360 3873 lumine
1384 3796 1551 3896 jam
1588 3792 2012 3896 praevidere
2043 3795 2342 3894 poterat
2369 3817 2416 3869 a
2438 3793 2829 3898 Babylone

591 3912 774 3991 satis
809 3911 1093 4009 valida,
1137 3917 1226 3990 ut
1260 3914 1629 3991 adversus
1672 3912 2004 3989 Niniven
2034 3909 2435 4014 aliquando
2475 3912 2830 4017 insurge-

586 4037 738 4130 ret,
773 4035 1053 4137 jugum
1091 4034 1258 4136 ejus
1295 4030 1613 4109 ulterius
1664 4031 2156 4109 abnuendum
2202 4055 2393 4128 esse,
2456 4030 2830 4111 libertatis

654 4264 729 4328 (1)
759 4263 840 4315 Cf.
875 4279 1044 4329 supra
1075 4280 1132 4330 p.
1164 4268 1275 4323 185,
1313 4264 1382 4315 ad
1413 4270 1620 4315 notam.

653 4355 735 4418 (Ξ)
771 4353 1121 4419 husonum-r,
1154 4353 1291 4406 nise.
1312 4368 1437 4408 anc-
1468 4353 1534 4407 de
1564 4354 1815 4418 l'Orient,
1847 4358 1978 4403 tom.
2007 4353 2097 4411 vl,
2131 4369 2182 4419 p.
2215 4357 2323 4405 525.

658 4444 738 4507 (3)
770 4442 1036 4493 omissam
1073 4443 1193 4494 volo
1224 4443 1518 4494 erraticam
1542 4442 1697 4493 illam
1742 4441 1950 4491 Ewaldi
1981 4447 2036 4492 et
2067 4442 2305 4492 aliorum
2349 4441 2699 4504 sententiam,
2735 4445 2828 4508 (cf.

598 4517 875 4583 Tizbinyer
890 4517 1478 4583 Quartalschrimwffi,
1494 4533 1543 4583 p.
1556 4517 1664 4582 552)
1682 4533 1803 4583 quae
1817 4518 1935 4567 loco
1954 4516 2128 4566 «Ecce
2152 4522 2301 4565 terra
2318 4515 2784 4571 chaldaeorum...
2808 4543 2824 4564 ·

594 4593 731 4656 legit
761 4609 788 4639 «
817 4592 955 4642 Ecce
982 4600 1128 4643 terra
1159 4591 1681 4648 Chananaeorum....
1709 4612 1750 4650 ι,
1786 4597 1845 4642 et
1877 4606 1999 4656 quas
2034 4589 2189 4640 nulla
2212 4591 2418 4640 ratione
2453 4591 2670 4642 nititur.

2527 4703 2579 4750 13
