3719 5650
1703 698 2184 767 ...38-

834 852 1091 930 multis
1144 852 1508 930 librorum
1565 852 2102 931 historicorum
2164 854 2639 935 documentis
2705 855 3075 956 probatur

834 972 1091 1074 magni
1129 972 1204 1048 in
1252 972 1298 1049 J
1309 972 1811 1049 udaestatum
1869 971 2221 1074 ponderis
2271 970 2509 1048 fuisse
2561 972 3067 1066 Damascum,

832 1091 1086 1185 Moab,
1131 1093 1485 1186 Ammon,
1548 1091 1819 1185 Edoni,
1884 1092 2202 1193 Tyrum,
2254 1090 2607 1167 Sidonem
2661 1095 2738 1167 et
2791 1089 3073 1167 Philis-

829 1214 1084 1289 taeam.
1151 1211 1450 1285 Praeter
1506 1208 1707 1285 enim
1766 1209 2142 1286 amicitias
2202 1208 2325 1286 vel
2370 1211 2680 1311 junctas
2739 1208 2862 1285 vel
2912 1208 3074 1286 dis-

817 1333 1125 1432 junctas
1162 1331 1241 1406 in
1290 1332 1513 1408 rebus
1562 1328 1905 1405 civilibus
1944 1328 2325 1431 gerendiS,
2373 1328 2804 1430 frequentes
2852 1334 3074 1408 erant

828 1454 1289 1527 commeatus
1344 1449 1472 1551 qui
1526 1447 1812 1525 vicinos
1853 1449 2321 1550 jungebant3
2371 1446 2795 1549 frequentia
2844 1450 3075 1525 etiam

827 1582 1044 1646 erant
1081 1570 1435 1668 adjuncta
1487 1567 1787 1669 quibus,
1832 1568 2121 1644 ratione
2175 1567 2362 1643 satis
2423 1566 2899 1644 infirmarum
2953 1569 3068 1643 vi-

827 1688 1025 1766 rium
1061 1687 1348 1779 habita,
1394 1685 1747 1761 invalidae
1785 1686 1933 1762 illae
1962 1690 2226 1789 gentes
2264 1691 2431 1763 tum
2472 1687 2565 1762 ad
2605 1686 2651 1763 J
2662 1686 2857 1782 udae,
2903 1691 3070 1763 tum

826 1809 923 1884 ad
946 1806 1282 1909 Assyriae
1323 1808 1572 1906 partes
1613 1804 2025 1907 confugere
2062 1806 2524 1882 nitebantur.
2562 1805 2677 1882 Ea
2703 1809 2817 1881 est
2841 1829 3075 1883 causa

828 1951 961 2003 cur
1011 1928 1101 2004 de
1147 1926 1244 2001 iis
1295 1924 1494 2025 apud
1548 1924 1909 2002 Hebraeos
1956 1925 2364 2029 prophetas
2412 1929 2715 2027 agatur.
2751 1924 2870 2002 Ita
2906 1949 3072 2027 pro·

827 2044 1058 2145 pheta
1103 2046 1338 2121 Amos
1379 2041 1660 2119 scelera
1698 2043 2060 2120 Damasci
2086 2102 2106 2139 ,
2170 2045 2441 2140 Gazae,
2499 2042 3075 2145 vicinarumque

826 2162 1221 2239 civitatum
1262 2161 1594 2265 primum
1645 2166 2078 2260 enumerat,
2124 2189 2540 2267 poenasque
2592 2163 2894 2240 coelitus
2931 2163 3080 2238 im-

824 2282 1228 2360 mittendas
1244 2281 1702 2359 vaticinatur
1718 2280 1865 2386 (1).
1885 2283 2087 2360 Idem
2111 2283 2258 2360 iter
2286 2282 2639 2384 ingressi,
2657 2281 2894 2359 Isaias
2921 2280 3066 2386 (2),

824 2403 1193 2481 Jeremias
1248 2402 1369 2507 (3)
1410 2408 1483 2479 et
1535 2402 1889 2480 Ezechiel
1942 2400 2060 2508 (4)
2111 2402 2414 2479 illorum
2462 2401 2622 2481 tata
2676 2400 3067 2498 evolvunt,

824 2526 991 2598 tum
1039 2521 1472 2625 assyriaciS,
1537 2525 1700 2597 tum
1746 2520 2076 2624 judaicis
2122 2520 2304 2598 fatis
2352 2520 2756 2622 permixta.

928 2761 1140 2841 XIII.
1204 2773 1312 2815 ³-
1367 2759 1762 2839 Peculiare
1811 2760 2288 2865 propositum
2344 2759 2560 2839 nobis
2609 2764 2723 2838 est
2770 2784 2899 2838 cas
2938 2760 3067 2836 ad-

822 2907 1091 2958 versus
1121 2881 1404 2957 Gentes
1448 2880 1785 2981 prolatas
1813 2879 2250 2984 prophetias
2288 2881 2666 2975 evolvere,
2703 2884 2779 2957 et
2815 2881 3066 2958 inves-

820 3004 1066 3105 tigare
1103 3005 1360 3077 utrum
1393 3026 1659 3079 revera
1684 3003 2037 3080 effectum
2063 3002 2559 3098 obtinuerint,
2578 3027 2842 3082 necne.
2878 3004 3068 3080 Pro-

819 3126 1077 3230 phetia
1133 3125 1333 3202 enim
1377 3127 1515 3202 sub
1572 3124 1968 3228 multiplici
2022 3131 2368 3230 respectu
2416 3126 2877 3206 considerari
2935 3153 3072 3231 po-

819 3251 994 3326 test.
1054 3246 1304 3330 Quum
1345 3244 1472 3338 sit,
1520 3244 1901 3322 strictiore
1946 3272 2200 3342 sensu,
2249 3246 2638 3350 praedictio
2689 3251 2894 3326 certa
2931 3246 3070 3323 ali—

820 3368 1037 3469 cujus
1074 3363 1310 3441 futuri
1340 3370 1689 3458 eventuS,
1720 3365 1843 3466 qui
1879 3390 1924 3440 a
1956 3366 2408 3467 praedicente
2446 3367 2523 3442 in
2554 3365 2802 3443 causis
2843 3371 3071 3444 natu-

821 3487 1102 3563 ralibus
1142 3483 1481 3588 praesciri
1518 3479 1965 3589 nequit'(5),
2012 3491 2308 3564 attenta
2346 3485 2506 3563 sola
2544 3485 2748 3562 illius
2793 3511 3070 3588 cogno-

822 3605 1272 3700 scibilitate,
1340 3604 1420 3680 in
1477 3602 1763 3706 duplici
1829 3608 2214 3681 momento
2276 3604 2684 3707 spectanda
2749 3604 2926 3682 erit.
2997 3606 3071 3682 A

817 3723 1083 3830 priori,
1152 3730 1238 3799 ut
1305 3724 1419 3799 ita
1476 3722 1745 3815 dicam,
1797 3722 2140 3824 dignosci
2207 3722 2442 3825 liquet
2501 3723 3066 3826 praedictionem

815 3868 1081 3922 veram
1116 3841 1602 3942 divinamque
1631 3841 2098 3945 prophetiam
2135 3868 2331 3938 esse,
2377 3843 2440 3920 si
2476 3869 2743 3949 nempe
2783 3870 2941 3946 pree
2983 3870 3066 3921 se

819 3963 1013 4040 ferat
1071 3960 1320 4038 varias
1386 3960 1851 4037 conditiones
1918 3962 2188 4062 quibus
2251 3966 2551 4040 constet
2612 3962 2808 4040 hanc
2860 3987 3064 4065 prae-

818 4079 1218 4160 dictionem
1291 4105 1337 4155 a
1387 4081 1545 4156 Deo
1603 4079 1906 4156 realiter
1955 4081 2349 4182 proficisci.
2413 4081 2558 4160 Sed
2609 4082 3065 4186 propheticae

881 4264 961 4326 (ί)
996 4263 1169 4319 AmOS.
1193 4260 1233 4322 1,
1264 4265 1310 4312 Ξ.
1340 4287 1398 4296 -
1424 4258 1491 4321 11,
1523 4263 1570 4308 3.

878 4353 953 4415 (2)
989 4351 1079 4408 Is..
1116 4363 1384 4408 xiv-xvim
1417 4362 1571 4397 xxm.

881 4441 947 4501 (3)
976 4438 1108 4492 Jer..
1137 4448 1387 4483 van-m.

876 4527 952 4587 (4)
989 4524 1100 4586 132„
1131 4537 1429 4572 xxv-xxxii.

877 4615 949 4679 (5)
979 4612 1008 4662 J
1016 4625 1295 4675 oxomum,
1323 4613 1395 4662 De
1419 4622 1547 4662 vera
1573 4610 1855 4675 Reliqione‚
1895 4624 1948 4675 p.
1982 4612 2092 4662 121.
