3719 5650
1516 744 2005 809 -25—

626 896 970 1000 partibus
1011 897 1353 999 plurimae
1377 897 1551 990 viae,
1582 898 1800 999 quasi
1837 898 2058 993 radii,
2089 904 2608 1002 properarent.
2644 898 2870 976 Nulla

628 1019 888 1093 autem
911 1016 1122 1120 regio
1149 1017 1402 1121 aptius
1443 1043 1672 1120 quam
1696 1018 2110 1109 Palaestina
2148 1019 2273 1097 illo
2314 1045 2625 1096 munere
2657 1018 2866 1119 fungi

630 1140 963 1239 poterat,
1016 1139 1278 1240 utpote
1341 1160 1509 1239 quae
1566 1137 1764 1215 inter
1827 1137 2288 1216 cultissimas
2344 1144 2614 1240 gentes
2674 1137 2874 1238 apud

631 1282 821 1360 quas
859 1257 1345 1358 antiquorum
1401 1263 1826 1359 temporum
1884 1258 2200 1335 historia
2255 1256 2577 1352 effluxit,
2624 1256 2874 1345 media

622 1380 919 1480 jaceret
988 1400 1005 1453 ε
1076 1405 1112 1450 ‹
1181 1377 1337 1452 Ista
1390 1379 1505 1452 est
1539 1376 1968 1454 Jerusalem
2011 1404 2029 1454 ε
2077 1378 2152 1453 in
2210 1377 2453 1455 medio
2513 1376 2876 1453 Gentium

634 1496 855 1599 posui
890 1519 1057 1573 eam
1094 1499 1171 1571 et
1207 1495 1286 1571 in
1346 1493 1662 1571 circuitu
1703 1493 1863 1597 ejus
1902 1499 2147 1573 terras
2187 1493 2332 1601 (1).
2403 1526 2439 1567 ›

740 1615 968 1705 Hinc,
1010 1613 1293 1716 duplici
1341 1621 1417 1691 et
1460 1613 1838 1690 contrario
1872 1619 2243 1717 respectu,
2268 1621 2478 1692 terra
2516 1612 2878 1691 Chanaan

634 1756 1106 1835 summopere
1147 1732 1444 1809 seclusa
1480 1730 1717 1809 fuisse
1758 1737 2100 1835 apparet,
2138 1733 2511 1835 simulque
2547 1731 2880 1809 maxime

635 1851 906 1929 idonea
955 1855 1042 1927 ut
1087 1851 1666 1928 consuetudines
1722 1852 1901 1929 hinc
1961 1877 2136 1929 cum
2189 1854 2542 1954 Assyria,
2596 1850 2883 1928 Arabia

636 1978 713 2048 et
763 1969 1007 2060 India,
1051 1968 1255 2045 illinc
1306 1995 1480 2046 cum
1535 1972 1909 2073 AEgyptO,
1956 1971 2260 2048 Graecia
2297 1975 2372 2048 et
2411 1970 2631 2047 Italia
2677 1968 2880 2045 face-

636 2094 754 2167 ret
800 2086 945 2196 (2),
988 2092 1155 2165 tum
1201 2088 1397 2190 quod
1442 2089 1537 2166 ad
1588 2088 1922 2166 civilium
1978 2114 2264 2183 rerum,
2318 2094 2484 2166 tum
2544 2089 2743 2191 quod
2790 2087 2884 2164 ad

636 2211 1088 2284 mercaturae
1162 2207 1694 2283 commercium
1766 2208 2067 2285 attinet.
2151 2207 2608 2286 Creberrimi
2684 2205 2882 2281 enim

638 2324 1089 2428 populorum
1164 2332 1375 2402 terra
1449 2325 1786 2428 marique
1862 2327 2114 2405 aditus
2182 2352 2318 2430 per
2393 2325 2885 2403 Palaestinam

638 2444 1157 2525 efficiebantur
1217 2473 1237 2523 z
1308 2471 1475 2524 eam
1532 2448 1771 2549 primo
1844 2448 2322 2549 trajiciebant
2386 2451 2887 2523 mercatorum

639 2568 1045 2644 comitatus
1079 2567 1278 2645 inter
1298 2568 1705 2645 australem
1742 2569 2134 2661 Arabiam,
2163 2567 2428 2645 Asiam
2468 2569 2546 2644 et
2579 2566 2887 2668 lEgyp-

640 2693 807 2764 tum
855 2685 996 2764 iter
1041 2686 1509 2780 facientium,
1554 2692 1688 2763 aut
1734 2686 2000 2765 saltem
2054 2712 2190 2789 per
2241 2685 2584 2789 ejusdem
2632 2684 2890 2762 littora

641 2832 689 2882 a
750 2806 1121 2883 Damasco
1184 2804 1260 2882 in
1327 2804 1832 2901 phoeniciam,
1892 2806 2369 2884 Philistaeam
2427 2808 2502 2882 et
2558 2803 2888 2884 Africam

644 2924 1120 3019 incedebant;
1189 2925 1399 3020 dein,
1451 2924 1573 3001 vel
1638 2930 2042 3027 antequam
2096 2926 2405 3021 Judaea,
2464 2923 2890 3002 maritimos

651 3069 911 3121 rerum
995 3048 1455 3122 commeatus
1539 3069 1689 3121 non
1767 3046 1930 3146 jam
1998 3049 2438 3147 aspernata,
2513 3043 2883 3122 Caesareae

647 3169 949 3267 portum
987 3164 1380 3257 conderet,
1418 3188 1564 3264 quo
1603 3164 1696 3239 ad
1739 3163 2237 3241 occidentales
2285 3167 2535 3266 partes
2583 3160 2889 3264 propius

645 3284 1036 3361 accederet
1094 3280 1257 3387 (3),
1326 3281 1746 3358 Palaestina
1805 3281 2024 3383 quasi
2085 3305 2272 3384 pons
2338 3281 2536 3357 inter
2597 3302 2890 3355 summa

647 3401 986 3481 Orientis
1024 3401 1341 3504 imperia
1392 3400 1837 3501 interjectus
1888 3404 2231 3503 apparet.
2781 3501 2784 3502 f

755 3525 996 3600 Immo
1062 3522 1220 3600 sola
1283 3522 1411 3599 via
1475 3522 1593 3626 (4)
1668 3546 1817 3624 qua
1881 3521 2273 3598 clarissimi
2333 3520 2616 3598 veteris
2691 3519 2890 3596 orbis

647 3644 903 3721 aemuli
940 3644 1038 3721 ad
1076 3644 1402 3721 invicem
1442 3644 1795 3746 congredi
1833 3646 2213 3747 poterant,
2260 3642 2421 3719 sive
2457 3643 2778 3744 Assyria
2815 3642 2892 3718 in

648 3762 1031 3863 AEgytum
1095 3760 1612 3854 descenderet,
1687 3761 1851 3837 sive
1921 3762 2313 3863 AEgyptus
2399 3758 2497 3835 ad
2564 3759 2889 3836 Niniven

647 3881 1119 3972 ascenderet,
1174 3887 1455 3982 praeter
1511 3880 1768 3957 littora
1842 3879 2259 3956 chananaea
2319 3877 2504 3956 ibat.
2560 3878 2888 3981 Campus

648 3999 1061 4101 Magedd0‚
1120 4000 1250 4099 qui
1307 3998 1503 4075 inter
1567 4003 1947 4076 extremas
2001 3999 2346 4100 regiones
2391 3998 2549 4076 fere
2599 3997 2890 4073 medius

650 4116 1190 4219 interponitur,
1235 4117 1453 4219 quasi
1491 4141 1722 4195 arena
1764 4117 1912 4194 fuit
1959 4118 2042 4195 in
2080 4142 2227 4220 qua
2264 4118 2468 4196 Asiae
2507 4119 2583 4195 et
2616 4114 2892 4192 Africae

716 4374 793 4437 (1)
834 4373 950 4433 Ez.,
975 4388 1031 4435 v,
1059 4378 1102 4423 5.
1138 4373 1219 4422 Cf.
1254 4377 1579 4434 xxxv111,12.

714 4462 799 4523 (⁴2)
839 4462 1062 4524 Rir‘rsn,
1095 4465 1187 4525 Op.
1214 4465 1261 4513 et
1297 4463 1391 4515 loc.
1424 4464 1533 4514 cit..

716 4550 797 4611 (3)
828 4548 1180 4612 (ΣΒΑΜΡΛσΝγ,
1211 4551 1301 4614 Op.
1334 4555 1382 4602 et
1412 4551 1504 4602 too.
1534 4552 1624 4602 cit.
2355 4601 2360 4608 .

717 4635 795 4697 (4)
830 4635 1036 4700 Corpus
1062 4635 1307 4701 luserim.
1339 4635 1543 4701 Sentit„
1575 4643 1715 4703 part.
1751 4638 1819 4695 11.
1848 4637 2033 4688 fascic.
2063 4637 2105 4697 1,
2130 4654 2180 4702 p.
2213 4643 2258 4687 5.
