3719 5650
1690 716 2181 784 ...60-

810 877 937 955 sed
1001 875 1233 979 regiae
1296 876 1563 954 domus
1642 872 2102 977 principibus
2177 874 2683 951 obvenerunt.
2743 872 3046 951 Pharao

806 996 1191 1075 interdum
1245 995 1324 1073 in
1381 992 1765 1097 Memphis
1810 998 1945 1071 aut
2000 994 2339 1070 Bubaste
2391 992 2779 1071 habitabat
2832 1018 3048 1070 sum-

806 1139 1159 1217 mamque
1209 1118 1665 1216 potestatem
1713 1138 1847 1215 pro
1900 1111 2206 1189 modulo
2249 1137 2390 1188 suo
2436 1113 2878 1209 exercebat3
2934 1118 3041 1207 at,

800 1237 893 1315 de
928 1234 1154 1330 fact0‚
1198 1236 1596 1337 AEgyptus
1642 1233 1723 1309 in
1760 1232 1984 1336 plura
2024 1232 2271 1309 divisa
2317 1237 2437 1310 est
2484 1232 2794 1310 minoris
2842 1238 3043 1311 notae

796 1379 1066 1457 regna,
1121 1380 1448 1456 quorum
1498 1354 1726 1430 duces
1783 1351 2065 1429 sensim
2116 1351 2277 1429 sine
2326 1377 2552 1429 sensu
2606 1352 3035 1429 Pharaonis

796 1472 1332 1549 auctoritatem
1367 1471 1477 1547 ita
1518 1471 1970 1573 spreverunt
2030 1474 2119 1545 ut
2165 1467 2416 1571 ipsum
2458 1468 2715 1570 regale
2764 1493 3039 1546 nomen

797 1589 1438 1668 mercenariorum
1486 1587 1905 1691 lybicorum
1962 1585 2191 1663 armis
2250 1586 2391 1663 sibi
2441 1586 3026 1676 vindicaverint,

791 1708 1354 1810 legitimamque
1391 1707 1851 1810 dynastiam,
1899 1730 2376 1808 summopere
2420 1705 2905 1801 diminutam,
2953 1707 3034 1782 in

796 1828 1016 1905 Delta
1080 1826 1586 1930 relegaverint
1653 1824 1804 1931 (1).
1875 1856 1912 1897 »
1980 1824 2184 1902 Idem
2239 1829 2571 1902 testatur
2641 1825 3032 1928 inscriptio

789 1946 1156 2043 Piankhi‚
1230 1971 1400 2047 quae
1464 1944 1895 2021 inferiorem
1956 1945 2387 2046 AEgyptum
2451 1945 2651 2021 inter
2714 1943 3029 2021 aemulos

787 2063 1197 2166 principeS,
1252 2064 1377 2166 qui
1421 2061 1649 2141 titulo
1692 2068 1916 2140 tenus
1968 2062 2220 2140 altiori
2278 2064 2639 2165 potestati
2696 2063 3032 2141 subdun-

784 2194 949 2285 tur,
992 2188 1313 2267 divisam
1350 2188 1680 2267 ostendit
1710 2185 1859 2292 (2).

886 2410 1136 2488 XVII.
1180 2454 1285 2467 —
1339 2408 1506 2485 Has
1554 2407 2162 2511 perturbationes
2214 2407 2467 2485 forsan
2503 2409 2757 2485 adhuc
2795 2409 3026 2487 vivus

778 2528 989 2607 novit
1015 2529 1295 2622 Isaias;
1315 2527 1509 2604 alias
1535 2526 1774 2603 multo
1802 2527 2201 2629 graviores
2220 2553 2388 2629 quae
2411 2532 2787 2605 secuturae
2804 2536 3022 2607 erant

777 2645 1019 2749 capite
1058 2647 1248 2724 XIX
1288 2645 1673 2748 praedixit,
1702 2645 1887 2722 dum
1928 2647 2387 2749 AEgyptium
2425 2649 2695 2722 contra
2723 2649 3019 2750 *Egyp-

775 2764 999 2862 tium,
1033 2763 1355 2843 amicum
1393 2768 1664 2842 contra
1700 2764 2030 2842 amicum
2072 2770 2592 2868 pugnaturum
2635 2765 3013 2862 describit,

773 2885 896 2963 vel
924 2886 1299 2990 principes
1333 2885 1774 2989 Mempheos
1814 2884 1943 2987 qui
1986 2912 2025 2957 ‹
2056 2883 2520 2988 deceperunt
2549 2887 3009 2988 AEgyptum,

772 3005 1141 3108 angulum
1215 3004 1716 3109 populorum,
1814 3034 1851 3078 ›
1952 3003 2273 3081 Domino
2360 3006 2710 3083 mittente
2810 3036 2847 3078 «ι
2940 3008 3019 3083 in

769 3124 1014 3203 medio
1089 3126 1255 3228 ejus
1329 3123 1677 3226 spiritum
1760 3123 2201 3226 vertiginis,
2269 3153 2306 3197 ›
2384 3123 2772 3228 ipsiusque
2852 3128 3016 3203 vias

770 3246 1276 3346 pervertente.
1327 3244 1517 3329 Quae
1546 3242 1852 3348 quidem
1876 3241 2269 3345 prophetia
2305 3267 2485 3320 mox
2527 3243 2623 3322 ad
2660 3249 3018 3322 eventum

767 3364 1091 3442 deducta
1124 3368 1271 3442 est.

873 3482 1130 3568 Quum
1179 3482 1530 3560 Tharaca
1569 3484 2017 3584 potestatem
2061 3507 2279 3559 suam
2317 3481 2398 3558 in
2433 3486 2676 3559 totam
2717 3485 3012 3588 AEgyp-

762 3606 931 3679 tum
984 3601 1480 3698 extendisset,
1542 3601 1876 3703 seipsum
1940 3601 2346 3703 assyriacis
2415 3601 2878 3704 principibus
2940 3606 3018 3679 in

762 3718 1183 3797 Palaestina
1230 3721 1641 3822 subrogare
1680 3720 2001 3796 studuit.
2046 3720 2272 3822 Apud
2307 3719 2564 3798 Eltece
2610 3746 2791 3798 vero
2828 3722 3015 3800 Sen-

761 3840 1120 3918 nacherib
1176 3839 1687 3942 aegyptiacum
1732 3840 2203 3935 exercitum,
2260 3839 2695 3942 aethiopicos
2741 3840 3009 3934 duceS‚

765 3957 1103 4059 filiosque
1141 3957 1344 4059 regis
1385 3958 1709 4060 AEgypti
1750 3957 2214 4060 profligavit,
2261 3965 2346 4034 ut
2382 3982 2476 4035 ex
2518 3959 3012 4062 Assyriorum

763 4075 1181 4155 Annalibus
1211 4078 1571 4153 narratur
1601 4076 1751 4183 (3),
1778 4077 2118 4154 inflatius
2142 4103 2350 4174 sane,
2371 4102 2610 4180 quum
2629 4079 3013 4157 Assarad-

823 4279 891 4342 (1)
920 4278 1196 4343 Mssrssao,
1228 4281 1367 4330 msc.
1393 4283 1547 4335 Aac..
1585 4295 1636 4345 p.
1662 4283 1753 4332 378
1776 4296 1896 4347 sqq.

823 4367 898 4429 (Ω)
928 4366 986 4419 R.
1023 4369 1108 4429 P.,
1132 4365 1238 4418 vol.
1266 4367 1333 4432 11,
1353 4382 1405 4432 p.
1429 4367 1635 4418 ’19-104.

820 4455 893 4517 (3)
929 4470 956 4501 α
976 4452 1089 4502 The
1108 4453 1447 4504 charioteers
1471 4453 1578 4503 and
1601 4468 1728 4504 sons
1749 4453 1809 4504 of
1832 4454 1921 4504 tho
1943 4454 2103 4518 kings
2127 4455 2188 4505 of
2208 4455 2400 4521 Egypt,
2427 4456 2534 4506 and
2561 4457 2654 4506 the
2672 4456 3008 4509 charioteers

756 4529 815 4580 of
831 4531 921 4579 the
952 4530 1085 4594 king
1108 4529 1168 4579 of
1193 4531 1377 4581 Meroe
1408 4531 1549 4580 alive
1580 4531 1633 4580 in
1666 4530 1758 4580 the
1784 4530 1956 4580 midle
1992 4531 2054 4582 of
2073 4532 2164 4581 the
2183 4532 2355 4582 battle
2385 4548 2476 4597 my
2501 4533 2650 4583 hand
2671 4533 2955 4598 captured.
2981 4558 3000 4577 ..

759 4604 823 4653 G.
850 4602 1050 4663 Smith.
1074 4605 1300 4668 History
1328 4604 1392 4669 os
1405 4604 1778 4668 Sennacherib,
1807 4620 1857 4670 p.
1889 4609 1968 4655 59.
