3719 5650
1454 1420 1832 1499 CAPUT
1942 1420 2063 1496 IV

1163 1889 1385 1954 Onus
1462 1889 1752 1955 contra.
1821 1889 2349 1970 Babylonem.

610 2380 615 2383 ’
744 2371 1091 2453 XLVIII.
1167 2418 1268 2431 —
1329 2373 1407 2450 Si
1452 2374 1693 2476 primo
1752 2378 2048 2452 tantum
2089 2377 2401 2476 aspectu
2442 2397 2562 2448 res
2612 2370 2873 2447 consi-

636 2492 904 2571 derare
958 2492 1247 2587 liceret,
1304 2493 1506 2570 inter
1554 2497 1780 2572 urbes
1826 2520 1996 2596 quze
2036 2494 2130 2570 ab
2171 2492 2513 2570 omnibus
2558 2489 2876 2592 prophe·

629 2611 798 2688 ticis
842 2610 1063 2689 minis
1116 2615 1302 2689 tutae
1342 2610 1810 2704 viderentur,
1849 2616 2057 2690 certe
2095 2611 2462 2688 emineret
2501 2608 2870 2711 Babylon,

631 2756 800 2833 quae
854 2730 1182 2821 nomine,
1245 2729 1471 2830 fama,
1533 2731 1990 2834 antiquitate
2051 2755 2100 2807 a
2165 2729 2556 2833 quibusvis
2610 2727 2874 2804 istius-

631 2851 826 2929 modi
885 2850 1242 2954 periculis
1299 2852 1809 2930 muniebatur.

738 2955 903 3056 Quo
984 2970 1256 3048 saeculo
1322 2969 1626 3048 condita
1700 2971 1798 3048 sit
1869 2971 2204 3048 nondum
2265 2973 2639 3046 statutum
2702 2971 2866 3063 est3

629 3088 994 3192 quidquid
1049 3096 1302 3168 tamen
1352 3115 1713 3193 peragere
1762 3097 2131 3167 conentur
2181 3090 2309 3192 qui
2360 3113 2530 3165 eam
2576 3085 2878 3188 aliqua—
2979 3091 2982 3094 ’

625 3215 856 3287 tenus
894 3211 1384 3287 recentiorem
1422 3208 1817 3311 effingunt,
1865 3234 1960 3285 ex
2009 3206 2618 3312 inscriptionibus
2657 3229 2875 3282 cons-

625 3332 744 3414 tat
780 3351 947 3404 earn
988 3328 1246 3428 priscis
1284 3329 1754 3430 temporibus
1791 3327 2200 3423 exstitisse,
2246 3330 2354 3405 ita
2394 3329 2479 3403 ut
2529 3320 2873 3400 nonnulli

626 3447 869 3548 ipsam
942 3471 1303 3548 apparere
1367 3447 1890 3523 contenderint
1958 3447 2036 3523 in
2100 3443 2533 3551 aegyptiacis
2588 3466 2875 3519 monu-

626 3565 901 3643 mentis
942 3567 1357 3643 Thoutmes
1388 3565 1525 3661 III,
1583 3566 1710 3667 qui
1763 3567 2022 3643 XVIII
2069 3566 2468 3669 dynastiae,
2505 3562 2655 3639 XV
2693 3565 2873 3640 ante

627 3684 1017 3763 Christum
1055 3692 1321 3761 natum
1359 3684 1662 3779 saeculo,
1710 3690 2280 3763 annumeratur.
2323 3685 2412 3761 In
2453 3680 2874 3785 Euphratis

624 3803 809 3905 ripis
850 3802 1063 3897 sita,
1126 3803 1325 3879 inter
1387 3802 1936 3880 faustissimam
1992 3803 2425 3905 regionem,
2498 3799 2872 3878 chaldaeo-

624 3920 979 4024 assyriaci
1034 3919 1314 4014 cultus,
1361 3921 1489 4022 qui
1542 3945 1718 3998 mox
1768 3921 2194 3999 citeriorem
2239 3921 2502 3999 Asiam
2551 3919 2865 4013 invasit,

626 4039 865 4117 initiis
894 4039 1269 4117 adfuerat.
1297 4043 1490 4118 Post
1530 4041 1908 4118 conditam
1941 4044 2008 4120 N
2017 4042 2298 4139 iniven,
2332 4044 2440 4118 ita
2475 4041 2874 4118 imminuta

626 4156 910 4253 fuerat,
955 4164 1041 4234 ut
1080 4159 1279 4234 inter
1327 4159 1516 4235 duas
1567 4160 1749 4236 istas
1798 4162 2155 4239 civitates
2199 4161 2659 4238 horrendum
2696 4182 2874 4233 mox

626 4280 884 4353 ortum
923 4276 1023 4352 sit
1060 4276 1383 4372 bellum3
1424 4282 1783 4379 superata
1816 4306 2001 4358 sane
2033 4279 2205 4376 fuit,
2253 4304 2403 4356 non
2435 4303 2617 4355 vero
2655 4274 2866 4371 trita,

627 4420 768 4471 nec
835 4396 1118 4472 domita
1171 4397 1547 4501 Babylon,
1593 4403 1967 4499 quatenus
2018 4399 2393 4475 ninivitici
2453 4394 2865 4500 principeS,

627 4513 1066 4617 Babyloni-<n
1108 4540 1324 4616 reges
1371 4516 1582 4612 dicti,
1619 4543 1794 4593 cum
1838 4519 2157 4594 devictae
2201 4515 2456 4619 gentis
2496 4512 2870 4618 praefectis

628 4637 1084 4735 potestatem
1140 4633 1472 4712 dividere
1520 4636 1754 4712 coacti
1804 4649 2009 4714 sunt.
2061 4634 2615 4713 Vetustissimae
2672 4631 2870 4709 enim
