3719 5650
1503 797 2046 863 —139—

654 936 909 1041 vocat)
984 942 1155 1040 post
1227 937 1520 1042 aliquot
1585 965 1881 1018 menses
1950 946 2028 1019 et
2090 941 2256 1045 ipse
2321 943 2613 1022 occisus
2664 950 2892 1044 esset,

654 1057 1090 1161 babylonica
1126 1062 1486 1160 potestaS,
1539 1083 1768 1161 quam
1805 1059 2285 1162 septuaginta
2321 1087 2561 1141 annos
2614 1070 2896 1143 tenue-

649 1181 773 1251 rat
861 1175 1447 1278 Nabopolassari
1523 1175 1905 1280 dynastia,
1979 1203 2027 1255 a
2092 1180 2418 1280 quodam
2506 1183 2897 1284 conjurato

647 1294 1038 1372 Nabonido
1080 1294 1196 1400 (1)
1254 1296 1450 1372 circa
1508 1320 1792 1373 annum
1869 1297 2025 1373 656
2102 1303 2470 1401 usurpata
2531 1305 2674 1379 est.
2740 1303 2900 1380 Res

648 1411 723 1488 in
790 1411 999 1516 pejus
1071 1412 1507 1516 Babyloniis
1572 1418 1755 1492 tunc
1843 1417 2299 1519 vergebant.
2390 1416 2640 1520 Cyrus
2695 1419 2897 1496 enim

646 1531 1039 1609 Medorum
1099 1538 1175 1609 et
1231 1533 1654 1609 Persarum
1709 1557 1950 1635 regna
2016 1559 2287 1611 recens
2343 1537 2887 1637 conjunxerat,

647 1651 758 1727 ita
834 1656 920 1727 ut
990 1652 1296 1753 integra
1368 1652 1552 1728 Asia
1617 1652 2071 1731 servitutem
2141 1651 2604 1735 formidaret.
2660 1656 2895 1734 Ictam

646 1768 815 1846 belli
870 1769 1305 1847 societatem
1349 1770 1669 1872 Lydiam
1717 1769 1916 1847 inter
1964 1776 2042 1848 et
2090 1771 2590 1875 Babyloniam
2630 1774 2895 1852 Naboa

646 1888 866 1965 nidus
919 1888 1437 1985 confirmavit,
1491 1889 2060 1992 Euphratisque
2101 1890 2334 1993 ripas,
2391 1896 2577 1969 teste
2636 1893 2893 1970 Hero-

646 2007 818 2084 doto
864 2006 1012 2112 (2),
1070 2007 1561 2109 permunivit.
1619 2008 1882 2084 Primo
1933 2009 2151 2110 regni
2214 2010 2338 2086 sui
2390 2034 2588 2086 anno
2641 2037 2895 2114 regem

643 2126 1039 2227 quemdam
1104 2125 1501 2228 pugnavit,
1571 2128 1787 2230 cujus
1863 2127 2189 2204 nominis
2254 2128 2543 2205 ultimae
2610 2129 2896 2209 solum-

638 2248 859 2324 modo
904 2248 1179 2324 litterae
1230 2252 1962 2347 conservataesunt.
2009 2249 2358 2326 Secundo
2406 2250 2707 2328 videtur
2764 2278 2888 2331 se-

640 2366 995 2443 ditionem
1051 2366 1128 2442 in
1180 2370 1388 2443 terra
1452 2366 1786 2443 Hamath
1852 2368 2272 2470 pacavisse.
2336 2369 2596 2446 Tertio
2658 2396 2885 2467 ann0,

643 2485 1026 2587 regionem
1106 2481 1545 2587 quamdam'
1588 2491 2114 2582 montuosam,
2194 2488 2500 2565 nomine
2580 2490 2894 2568 Amma-

643 2629 882 2700 nanu,
932 2606 1179 2707 petiit,
1241 2629 1435 2701 eam,
1473 2608 1561 2681 ut
1590 2604 1920 2702 videtur,
1956 2631 2124 2707 quae
2163 2631 2258 2683 ex
2289 2605 2546 2684 multis
2584 2608 2897 2710 babylo-

641 2723 834 2801 nicis
905 2722 1517 2827 inscriptionibus
1577 2723 1919 2825 cognita,
1987 2715 2218 2827 {fulgo
2259 2727 2605 2802 Amanus
2658 2751 2891 2804 voca-

639 2847 798 2919 tur.
855 2842 1060 2920 Adeo
1108 2846 1362 2919 autem
1399 2840 1649 2919 mutili
1694 2848 1877 2919 sunt
1914 2849 2200 2938 textuS,
2247 2848 2335 2919 ut
2370 2844 2557 2920 nihil
2596 2852 2888 2922 certum

638 2961 986 3062 cognosci
1035 2960 1287 3039 valeat
1330 2987 1571 3062 usque
1619 2962 1716 3050 ad
1774 2967 2077 3039 sextum
2127 2963 2466 3062 ejusdem
2522 2964 2886 3067 principis

634 3103 950 3174 annum,
996 3104 1142 3181 quo
1194 3078 1443 3184 Cyrus
1484 3079 1725 3157 fertur
1762 3081 2153 3182 regionem
2192 3083 2625 3182 quamdam,
2670 3086 2886 3185 cujus

632 3222 908 3275 nomen
959 3197 1107 3300 legi
1171 3223 1320 3275 non
1389 3203 1679 3301 potest,
1750 3199 2154 3295 invasisse,
2239 3204 2575 3303 Astyage
2606 3259 2625 3295 ,
2699 3226 2882 3304 rege

629 3313 1047 3410 Medorum,
1112 3342 1157 3393 a
1197 3316 1565 3393 militibus
1603 3319 1770 3418 ejus
1810 3319 2124 3414 tradito,
2171 3318 2457 3419 potitus
2518 3342 2687 3395 esse
2728 3316 2874 3425 (3),

628 3435 1067 3513 Ecbatanen
1119 3436 1423 3514 demum
1476 3460 1647 3513 cum
1694 3435 2138 3513 lautissimis
2205 3462 2302 3514 ex
2365 3462 2553 3513 auro
2612 3441 2688 3514 et
2754 3462 2878 3515 ar-

626 3558 850 3655 gento
898 3553 1154 3656 spoliis
1206 3554 1721 3656 occupavisse.
1777 3553 2112 3655 Septimo
2152 3578 2383 3646 ann0‚
2441 3552 2879 3631 Nabonidus

623 3672 705 3747 in
772 3698 1074 3750 secessu
1130 3673 1338 3750 urbis
1393 3673 1613 3749 Tima
1677 3673 1889 3774 degit
1937 3674 2273 3749 adversae
2330 3671 2635 3748 invidiae
2696 3675 2874 3750 sub·

620 3792 1139 3892 jectorumque
1188 3790 1510 3892 querelis
1567 3793 1942 3893 objectuS,
1998 3795 2074 3868 et
2123 3789 2293 3867 belli
2334 3814 2625 3886 curam,
2692 3816 2872 3869 cum

620 3911 1095 3986 exercituum
1161 3910 1240 3986 in
1303 3916 1511 3986 terra
1575 3910 1833 3988 Accad
1908 3914 2543 4011 congregatorum
2601 3911 2860 4007 ductu,

676 4170 739 4230 (l)
774 4167 1219 4293 ‹thabu-na'id...
1266 4168 1414 4218 filius
1450 4167 1998 4220 Nabil-balatsu-ikbi.
2029 4186 2054 4215 υ
2103 4169 2183 4218 W.
2220 4168 2282 4219 A.
2313 4168 2376 4229 1.,
2408 4167 2514 4219 vol.
2551 4168 2612 4224 V,
2641 4168 2748 4226 tab,
2780 4174 2840 4219 05

612 4245 780 4307 col.1‚
852 4278 865 4292 .
902 4248 1020 4307 1,6.

671 4346 744 4409 (2)
773 4345 1070 4408 Hssaono‘r„
1094 4343 1316 4406 Histor„
1344 4344 1468 4395 libr.
1501 4344 1544 4405 1,
1578 4345 1608 4407 ἓ
1642 4348 1749 4405 180,
1781 4347 1887 4395 186.

667 4449 728 4502 (3)
768 4445 889 4493 Non
927 4445 1163 4509 perfecte
1194 4453 1458 4494 consonat
1509 4444 1699 4494 tabula
1748 4446 1893 4508 Cyri,
1935 4445 2001 4494 de
2044 4460 2154 4510 qua
2203 4443 2421 4508 agimus
2452 4442 2634 4505 (infra
2668 4443 2858 4503 citata,

607 4535 656 4583 p.
691 4521 826 4581 141),
880 4534 1004 4569 cum
1045 4519 1293 4583 cylindro
1355 4519 1662 4579 Nabonidi‚
1704 4520 1797 4583 qui
1855 4522 2150 4582 Astyagem
2189 4534 2222 4568 a
2278 4519 2414 4580 Cyro
2466 4524 2688 4581 captum
2736 4534 2855 4568 esse

604 4593 874 4653 declat-au
901 4595 1163 4643 traditum
1194 4602 1378 4643 autem
1423 4594 1591 4645 fuisse
1636 4609 1822 4658 regem
1871 4593 2158 4644 Medorum
2206 4593 2497 4643 confirmat
2528 4592 2855 4656 Herodotus,

604 4666 829 4731 Ilislor„
861 4667 957 4717 lib.
989 4669 1027 4729 1,
1059 4670 1089 4732 ς
1129 4672 1211 4718 127
1244 4683 1364 4733 sqq.
