3719 5650
1547 773 2036 840 —59-

773 928 971 1006 Hinc
1033 928 1285 1006 omnia
1350 953 1616 1007 eversa
1681 926 1902 1025 sunt,
1957 934 2113 1005 non
2183 926 2484 1029 quidem
2549 930 2911 1032 regnante

667 1046 991 1124 Ramses
1043 1047 1183 1142 III,
1231 1048 1363 1126 sed
1419 1052 1590 1150 post
1639 1047 1889 1149 ipsius
1939 1048 2292 1138 mortem,
2337 1049 2423 1122 ut
2465 1048 2631 1148 jam
2683 1074 2904 1152 supra

668 1167 1102 1245 notavimus
1125 1166 1275 1272 (1).
1306 1165 1598 1245 Summi
1630 1166 1829 1243 enim
1861 1162 2200 1244 Thebani
2238 1167 2663 1244 sacerdotes
2698 1169 2894 1271 prin·

672 1297 1003 1400 cipatum
1059 1297 1391 1402 AEgypti
1455 1297 1743 1375 ultimis
1805 1295 2287 1375 Ramessidis
2362 1296 2696 1400 eripiunt
2755 1297 2906 1406 (2).

670 1417 892 1495 Nova
928 1417 1311 1521 dynastia,
1341 1418 1529 1495 XXI
1564 1442 1863 1521 nempe,
1908 1416 1988 1492 in
2035 1417 2223 1493 urbe
2258 1415 2488 1491 Tanis
2526 1441 2697 1494 cum
2735 1443 2916 1521 rege

674 1535 1041 1615 Smendes
1105 1537 1460 1615 conditur
1527 1535 1676 1642 (3),
1745 1534 1967 1613 Delta
2039 1535 2265 1638 regit,
2338 1535 2447 1614 ita
2508 1540 2765 1614 tamen
2831 1543 2918 1616 ut

675 1658 1129 1757 potestatem
1184 1680 1496 1757 prorsus
1555 1654 1891 1734 stabilire
1947 1658 2273 1757 nequeat
2333 1680 2351 1732 ε
2401 1655 2679 1733 Thebae
2740 1656 2920 1736 hinc

677 1777 752 1850 et
821 1773 1027 1850 illinc
1100 1773 1359 1852 liberae
1433 1775 1655 1852 fiunt.
1740 1773 2137 1877 AEthiopia
2212 1773 2397 1852 adeo
2472 1775 2748 1872 distat,
2827 1785 2920 1857 ut

677 1897 1051 1997 regnante
1108 1894 1587 1971 sacerdotum
1646 1893 2042 1972 Ammonis
2099 1893 2382 1989 sobole,
2434 1891 2707 1998 jugum
2756 1922 2924 1976 res-

677 2019 892 2116 puat.
937 2012 1166 2090 Nomi
1217 2011 1640 2093 libertatem
1701 2014 1840 2092 sibi
1898 2013 2289 2091 vindicant
2334 2018 2408 2091 et
2455 2038 2502 2090 a
2552 2039 2922 2118 supremae

677 2132 1071 2235 potestatis
1135 2131 1463 2209 dominio
1539 2133 1929 2211 recedunt.
2004 2132 2446 2209 Pharaones
2506 2133 2774 2231 TaniS,
2837 2140 2927 2213 ut

685 2251 1086 2354 imperium
1161 2278 1622 2331 conservare
1696 2251 2039 2354 possint,
2105 2251 2540 2356 AEgyptum
2609 2254 2930 2331 tradunt

688 2371 997 2465 exteriS,
1028 2371 1184 2473 qui,
1219 2376 1623 2476 postquam
1660 2372 1756 2448 ad
1797 2372 2195 2449 Bubasten
2223 2372 2922 2477 triumphaverunt,

683 2515 808 2568 eos
863 2515 909 2567 a
952 2492 1226 2592 quibus
1291 2491 1544 2570 vocati
1609 2495 1825 2569 erant
1887 2492 2341 2601 subvertunt
2399 2492 2727 2595 ipsique,
2804 2518 2930 2571 re-

685 2615 967 2711 gnante
1004 2611 1236 2688 Sesac
1271 2610 1338 2706 1,
1383 2611 1899 2688 dominantur.
1945 2610 2284 2710 Huiusce
2338 2636 2517 2689 vero
2570 2611 2933 2716 principis

685 2751 1158 2807 successores
1222 2729 1332 2808 ita
1398 2729 1679 2808 debiles
1740 2729 2087 2824 fuerunt,
2143 2732 2230 2805 ut
2277 2730 2663 2832 regionem
2724 2731 2929 2811 inte-

684 2871 904 2949 gram
962 2848 1490 2945 dissolverent,
1554 2849 1887 2951 genuina
1937 2848 2160 2927 feuda
2225 2849 2368 2927 sibi
2425 2851 2935 2930 constituendi

687 2967 1030 3080 cupidine
1060 2968 1273 3046 moti.
1313 2969 1502 3055 Quae
1541 2969 1891 3071 Maspero
1932 2969 2476 3072 propemodum
2509 2969 2616 3047 sic
2644 2971 2876 3049 refert
2907 2997 2925 3048 ε

698 3114 733 3158 ‹
784 3087 899 3164 Ne
952 3088 1323 3165 adversus
1382 3086 1828 3189 semetipsos
1890 3086 2324 3184 iteraretur,
2387 3113 2555 3190 quae
2611 3095 2835 3168 antea
2889 3116 2935 3168 a

694 3207 1013 3285 summis
1052 3206 1571 3285 sacerdotibus
1610 3206 2012 3285 Ammonis
2050 3207 2382 3283 admissa
2410 3208 2683 3304 fuerat,
2713 3234 2935 3286 usur·

688 3327 929 3430 patio,
965 3324 1368 3427 Sheshonq
1405 3331 1480 3403 et
1520 3325 1801 3429 posteri
1839 3327 2002 3429 ejus
2041 3326 2243 3404 omni
2274 3351 2412 3429 ope
2447 3332 2674 3428 atque
2709 3352 2936 3431 opera

689 3445 832 3523 nisi
873 3449 1090 3522 erant
1127 3450 1212 3522 ut
1252 3471 1550 3524 summa
1591 3446 1854 3523 munia
1891 3444 2350 3549 principibus
2382 3471 2423 3523 e
2449 3446 2660 3547 regia
2699 3448 2933 3550 stirpe

689 3563 1028 3641 oriundis
1079 3564 1593 3643 traderentur.
1640 3564 1859 3643 Unus
1909 3589 2004 3642 ex
2052 3564 2227 3641 filiis
2278 3564 2671 3666 regnantis
2716 3565 2933 3644 Pha-

687 3683 979 3781 raonis,
1036 3684 1316 3787 saepius
1383 3685 1511 3787 qui
1583 3690 1769 3762 natu
1822 3684 2071 3785 major
2131 3686 2330 3779 erat,
2413 3684 2492 3761 in
2550 3709 2933 3764 summum

692 3800 1162 3879 sacerdotem
1200 3802 1601 3879 Ammonis
1637 3810 1717 3880 et
1745 3802 2187 3879 Thebarum
2225 3801 2668 3903 praefectum
2706 3803 2931 3908 elige-

688 3918 953 4016 batur3
1007 3918 1135 3995 alii
1193 3919 1481 3997 Sesoun
1532 3927 1610 3999 et
1676 3921 2126 4016 Khnensou,
2174 3919 2305 3998 alii
2367 3920 2533 3998 aliis
2581 3923 2805 4001 Delta
2857 3929 2933 4001 et

691 4035 1100 4139 superioris
1156 4038 1486 4142 AEgypti
1551 4040 1864 4117 urbibus
1930 4040 2673 4142 praeficiebantur....
2743 4043 2932 4121 Mox

685 4154 1124 4257 hujusmodi
1188 4183 1505 4236 munera
1578 4158 2057 4238 haereditaria
2120 4159 2318 4238 facta
2383 4162 2598 4254 sunt,
2677 4159 2932 4264 sicque

686 4274 1000 4376 antiqua
1044 4274 1300 4374 feuda,
1342 4301 1495 4354 non
1542 4278 1701 4381 jam
1743 4282 1830 4356 ut
1877 4283 2101 4357 antea
2143 4301 2541 4355 nomorum
2579 4277 2924 4378 ducibu8,

750 4489 831 4552 (1)
867 4488 946 4539 Cf.
978 4503 1163 4553 supra,
1189 4504 1242 4555 p·
1263 4490 1341 4541 42.

750 4577 827 4640 (2)
861 4576 1145 4638 Murano,
1173 4577 1312 4630 mse.
1348 4579 1501 4640 Ano..
1523 4594 1573 4645 p.
1599 4580 1710 4631 202.

751 4664 817 4729 (3)
849 4664 1127 4729 Manae,
1149 4666 1292 4717 msc.
1318 4669 1471 4732 Anc„
1504 4681 1558 4733 p.
1587 4672 1699 4729 272.
1720 4670 1831 4720 336.
