3719 5650
1595 701 2083 767 —23-

716 934 719 941 ,
816 856 953 931 VI.
1015 899 1119 912 —-
1178 855 1258 933 Si
1324 879 1486 932 rem
1549 855 1694 932 alio
1762 858 1899 933 sub
1981 862 2328 959 respectu
2409 858 2954 960 conspiciamus

710 975 1114 1076 ipsumque
1150 974 1248 1051 ad
1278 975 1907 1076 prophetismum
1945 976 2474 1070 attendamuS‚
2522 974 2775 1054 Onera
2821 978 2958 1055 ad-

709 1118 976 1170 versus
1010 1091 1478 1171 Gentes‘non
1508 1091 1760 1171 minus
1791 1098 2217 1195 opportuna
2257 1094 2643 1172 videntur.
2669 1096 2957 1182 Quovis

710 1212 912 1289 enim
965 1215 1342 1314 tempore,
1408 1211 1711 1314 plurimi
1772 1212 2105 1289 fautores
2175 1213 2623 1291 divinationi
2679 1216 2959 1292 addicti

708 1329 1043 1426 fuerunt,
1090 1355 1222 1408 seu
1281 1356 1539 1408 rerum
1599 1330 1942 1407 civilium
1997 1329 2312 1407 scientia
2366 1332 2563 1409 tanti
2602 1334 2954 1435 ponderis

710 1451 1310 1527 instrumentum
1395 1450 1801 1553 praecidere
1875 1450 2150 1545 nollet,
2218 1452 2382 1528 sive
2468 1477 2593 1559 ars
2668 1458 2959 1531 ceteros

710 1568 1125 1671 decipiendi
1196 1569 1483 1671 sibique
1539 1568 1825 1648 famam
1890 1573 2026 1646 aut
2104 1594 2457 1646 nummos
2529 1567 2960 1674 acquirendi

711 1685 877 1764 dolo
919 1691 1119 1765 totas
1176 1689 1620 1768 immitteret
1671 1690 2075 1766 habenas.
2116 1689 2304 1766 adeo
2368 1689 2612 1767 cuivis
2671 1692 2958 1770 homini

710 1807 971 1885 innata
990 1807 1269 1885 insidet
1303 1808 1572 1911 cupido
1602 1806 1893 1886 futuros
1932 1813 2252 1885 eventus
2283 1809 2774 1911 dignoscendi
2802 1809 2954 1923 (1).

709 1926 944 2003 Israel
1002 1916 1258 2004 autem
1324 1928 1415 2005 ab
1482 1926 1631 2004 ista
1697 1924 2158 2004 divinatione
2220 1928 2442 2029 quasi
2509 1931 2601 2005 ab
2663 1928 2953 2008 insidiis

711 2068 1185 2146 paganorum
1226 2045 1608 2123 abstinere
1651 2047 2098 2147 jubebatur.
2149 2047 2309 2123 Lex
2366 2048 2566 2124 enim
2624 2047 2958 2149 magicos

710 2161 904 2239 ritus
944 2187 1251 2265 prorsus
1291 2164 1730 2266 prohibebat
1765 2190 1783 2240 :
1828 2192 1865 2235 ⁴<
1903 2165 2070 2243 Non
2101 2164 2489 2241 declinetis
2520 2168 2614 2241 ad
2657 2192 2952 2267 magOS‚

711 2306 848 2360 nec
908 2284 1002 2360 ab
1031 2282 1289 2359 ariolis
1316 2283 1597 2386 aliquid
1630 2283 2121 2361 sciscitemini
2175 2281 2321 2386 (2).
2384 2314 2420 2355 ›
2484 2287 2718 2387 Atqui
2766 2286 2960 2387 opti-

645 2426 652 2433 ·
713 2426 923 2479 mum
951 2403 1318 2479 adversus
1345 2427 1606 2504 magos
1645 2406 2183 2504 argumentum
2224 2401 2613 2505 Scriptura
2642 2404 2952 2505 profert,

714 2547 947 2625 quum
983 2522 1323 2600 ridiculis
1375 2522 1523 2600 illis
1577 2522 1847 2600 mediis
1898 2521 2420 2599 omniscientia
2453 2523 2795 2619 Jehovae,
2840 2523 2962 2601 vel

715 2639 959 2740 quoad
987 2644 1307 2717 eventus
1347 2640 1475 2743 qui
1501 2640 1598 2717 ad
1635 2640 1918 2718 Gentes
1954 2642 2160 2742 ipsas
2201 2641 2715 2742 superstitioni
2754 2643 2959 2720 dedi—

711 2764 832 2834 tas
872 2761 1243 2861 spectant,
1287 2758 1690 2863 opponitur
1733 2784 1751 2835 ε
1796 2789 1831 2831 «
1879 2757 2160 2837 Gentes
2203 2757 2399 2855 istae,
2427 2783 2747 2861 quarum
2787 2786 2965 2865 pos-

716 2877 994 2954 sidebis
1029 2883 1344 2975 terram,
1379 2904 1710 2980 augures
1748 2882 1825 2954 et
1863 2878 2162 2955 divinos
2194 2878 2519 2955 audiunt
2533 2905 2554 2974 3
2585 2883 2670 2956 tu
2710 2885 2962 2958 autem

716 3020 763 3072 a
787 2996 1107 3074 Domino
1139 2999 1298 3075 Deo
1326 3002 1459 3075 tuo
1497 2997 1720 3074 aliter
1749 2997 2144 3073 institutus
2186 3022 2268 3073 es
2310 2993 2454 3102 (3).
2525 3028 2561 3070 »

824 3115 1209 3194 Praeterea
1230 3142 1451 3194 vanae
1491 3116 1976 3193 divinationis
2004 3120 2206 3193 artes
2234 3141 2384 3194 non
2419 3117 2706 3194 strictis
2734 3121 2959 3197 terrae

718 3233 1083 3312 Chanaan
1120 3235 1403 3312 finibus
1442 3235 2287 3312 circumscribebantur.
2349 3238 2700 3337 Augures
2756 3238 2958 3314 enim

717 3353 916 3453 apud
941 3351 1233 3429 vicinas
1257 3357 1520 3456 gentes
1537 3354 1692 3455 jam
1707 3353 2112 3446 florebant3
2142 3355 2371 3432 immo
2391 3356 2778 3457 AEgyptus
2803 3354 2954 3459 (4),

717 3470 1062 3573 Assyria,
1105 3472 1528 3576 Babylonia
1568 3470 1685 3577 (5)
1726 3473 1973 3574 ipsam
2010 3473 2629 3576 superstitionem
2668 3474 2748 3549 in
2788 3474 2960 3551 doc-

716 3587 994 3668 trinam
1031 3591 1255 3669 certis
1298 3592 1586 3694 regulis
1637 3596 1712 3669 et
1771 3592 2410 3669 incantationibus
2469 3590 2962 3672 constitutam

715 3714 1020 3786 vertere
1042 3711 1444 3811 parabant.
1466 3711 1652 3787 Haec
1686 3710 1980 3788 somnia
2007 3711 2294 3788 rectius
2315 3711 2708 3789 confutare
2741 3739 2961 3791 nemo

718 3831 1013 3928 poterat
1050 3852 1279 3930 quam
1310 3829 1700 3932 propheta,
1735 3828 1862 3931 qui
1903 3853 2034 3931 pro
2066 3826 2577 3906 deliramentis
2605 3833 2737 3907 aut
2764 3835 2965 3910 tene-

779 4017 845 4082 (1)
881 4018 1071 4078 Ihm-0,
1104 4020 1435 4084 Cyclopaedia
1469 4021 1533 4084 os
1551 4020 1775 4072 Biblical
1802 4022 2130 4084 Licerature,
2152 4027 2256 4071 art.
2283 4021 2618 4073 Divination.

781 4109 850 4171 (ἱ)
881 4105 1032 4171 Lssv„
1061 4122 1173 4166 xix
1206 4114 1285 4159 31.

779 4197 853 4260 (3)
883 4196 1075 4258 Βευτ
1108 4209 1263 4259 xvm,
1297 4197 1371 4245 Η.

782 4283 852 4348 (Δ)
883 4283 1178 4332 ‘rucanas
1220 4282 1420 4340 Suu-n,
1473 4284 1695 4347 History
1740 4285 1801 4348 os
1842 4283 2063 4347 Ioseph,
2110 4297 2161 4347 p.
2220 4286 2302 4333 ¹51
2352 4297 2471 4347 sqq.
2502 4311 2557 4319 —
2626 4282 2969 4343 Winxmson,

718 4363 977 4412 manners
1002 4359 1111 4410 ancl
1132 4359 1392 4423 castonis,
1417 4359 1519 4409 vol.
1546 4359 1615 4418 11,
1645 4375 1709 4423 p.-
1731 4364 1820 4410 143
1846 4375 1964 4424 sqq.

783 4448 852 4509 (s)
885 4445 1236 4508 Lasonmrrr,
1267 4447 1341 4496 La
1370 4447 1543 4509 Magne
1570 4446 1692 4497 chez
1719 4446 1789 4496 les
1814 4444 2103 4499 Chalde'ens
2128 4444 2250 4495 etta
2273 4443 2657 4494 αἰυίπαιὲονι-
2680 4445 2754 4494 La
2772 4444 2969 4495 science

721 4521 808 4572 des
849 4523 1096 4586 presayes
1146 4523 1267 4573 chez
1311 4521 1381 4572 les
1425 4520 1731 4573 Chaldaeus.
1754 4547 1815 4557 —
1857 4521 1908 4570 J.
1942 4520 2184 4577 ΗΛιενγ,
2227 4521 2540 4570 Documents
2584 4517 2848 4582 reliqieux
2901 4519 2963 4571 de

723 4597 978 4660 l'Assyrie
1000 4599 1049 4648 et
1074 4597 1135 4647 de
1160 4596 1211 4646 la
1242 4596 1544 4660 Babylonio.
