3719 5650
1556 735 2045 802 -55-

788 904 998 981 XIX.
1046 948 1150 962 —
1188 906 1295 982 At
1329 908 1592 982 nostro
1615 904 1894 982 saeculo
1923 905 2261 981 firmiora
2283 909 2742 1007 argumenta
2763 923 2925 975 rem

682 1023 1370 1119 confirmaverunt,
1456 1029 1533 1101 et
1616 1022 2097 1126 apertissime
2160 1023 2578 1100 docuerunt
2661 1041 2922 1120 regem

679 1139 888 1217 illum
918 1140 1190 1219 fortem
1221 1144 1315 1220 ab
1355 1142 1557 1221 Isaia
1594 1141 2187 1246 praenuntiatum
2226 1139 2340 1247 (l)
2377 1164 2613 1216 unum
2641 1162 2804 1215 esse
2829 1161 2923 1214 ex

677 1259 1080 1361 assyriacis
1099 1259 1597 1364 principibuS,
1630 1264 1755 1363 qui
1781 1263 2209 1364 AEgyptum
2229 1264 2368 1338 sub
2390 1260 2666 1363 potenti
2694 1281 2919 1333 manu

678 1404 820 1456 sua
848 1380 1333 1482 redegerunt.
1375 1383 1423 1458 J
1426 1406 1547 1457 am
1578 1382 1927 1459 novimus
1952 1383 2043 1459 ab
2070 1381 2593 1458 Assaraddone
2619 1377 2922 1479 fugatos

676 1498 1107 1601 AEthiope8‚
1152 1524 1407 1603 regem
1461 1500 1807 1579 Tharaca
1844 1525 2082 1601 usque
2144 1500 2239 1578 ad
2279 1500 2578 1602 Napata
2626 1494 2923 1597 fugien-

677 1621 861 1714 tem,
893 1624 1183 1696 statuta
1207 1618 1484 1722 passim
1515 1620 1870 1723 praesidia
1894 1620 1992 1696 ad
2012 1618 2425 1696 dominium
2455 1615 2923 1719 assyriacum

677 1737 1229 1816 stabiliendum.
1264 1739 1482 1825 Quod
1512 1740 1575 1817 si
1612 1739 1776 1816 haec
1815 1740 2237 1817 omiserunt
2273 1737 2702 1815 Herodotus
2741 1734 2924 1810 Dio-

676 1856 1054 1959 dorusque
1141 1858 1480 1955 SiculuS‚
1574 1863 1872 1936 constat
1925 1884 2020 1935 ex
2094 1856 2582 1959 inscriptione
2647 1851 2922 1957 lapidis

684 1974 1209 2054 Nahrel-Kelb
1248 1980 1325 2054 et
1358 1976 1781 2055 Annalibus
1817 1975 2454 2080 Assurbanipali8‚
2479 1974 2606 2076 qui
2631 1982 2923 2076 patrem

674 2096 1157 2174 Assaraddon
1206 2124 1253 2174 a
1326 2098 1885 2177 Mediterraneo
1945 2098 2136 2175 mari
2187 2122 2425 2199 usque
2470 2095 2567 2172 ad
2625 2092 2922 2169 Thebas

673 2214 1071 2319 imperium
1096 2218 1526 2297 extendisse
1546 2219 1884 2297 declarat
1913 2242 2234 2320 eumque
2251 2214 2591 2293 nominat
2614 2234 2920 2311 <regem

675 2358 943 2437 regum
972 2336 1297 2440 AEgypti
1328 2340 1406 2414 et
1434 2338 1801 2415 victorem
1838 2335 2255 2438 AEthiopiae
2284 2333 2433 2439 (2).
2483 2361 2521 2406 >

778 2455 885 2530 At
928 2455 990 2530 si
1029 2455 1354 2534 rariores
1391 2461 1568 2534 sunt
1605 2455 2113 2534 cuneiformes
2143 2460 2401 2532 textus
2433 2451 2524 2529 de
2550 2447 2920 2528 Assarad-

677 2570 889 2649 donis
991 2575 1412 2680 aegyptiaca
1506 2576 2018 2679 expeditione,
2096 2575 2175 2651 in
2267 2572 2443 2650 solis
2492 2567 2919 2648 Annalibus

673 2689 914 2793 ipsius
977 2693 1141 2790 filii,
1194 2694 1803 2796 Assurbanipalis
1866 2717 2135 2797 nempe
2191 2688 2340 2798 (3),
2386 2695 2463 2769 et
2506 2688 2585 2767 in
2643 2683 2920 2789 duplici

673 2810 879 2892 haud
929 2812 1223 2917 integro
1277 2813 1643 2894 laterculo
1694 2813 2128 2893 inveniendi
2186 2812 2330 2918 (4),
2388 2809 2708 2913 amplior
2741 2814 2916 2885 tex-

673 2937 893 3008 tuum
932 2957 1156 3036 seges
1195 2932 1410 3011 nobis
1449 2934 1765 3013 offertur
1800 2935 1895 3012 de
1931 2935 2155 3011 rebus
2196 2935 2290 3010 ab
2326 2925 2920 3030 Assurbanipale

672 3056 937 3128 contra
991 3053 1423 3156 AEgyptum
1481 3054 1828 3132 tentatis.

770 3270 953 3348 XX.
990 3315 1098 3327 -
1136 3270 1719 3373 Assurbanipal,
1770 3271 1976 3348 filius
2019 3275 2207 3348 natu
2254 3269 2497 3371 major
2532 3264 2911 3357 Assarad-

669 3389 885 3466 donis
936 3389 1065 3492 qui
1116 3390 1314 3493 patri
1371 3391 1771 3486 successit,
1834 3392 1929 3467 ab
1983 3415 2107 3484 ec,
2165 3393 2335 3491 post
2411 3382 2915 3488 aegyptiacum

668 3508 988 3605 bellum,
1057 3509 1370 3612 imperio
1453 3535 1702 3588 comes
1768 3511 2068 3587 additus
2132 3508 2408 3585 fuerat.
2478 3507 2916 3604 Antequam
2967 3562 2972 3568 .

664 3632 918 3707 autem
993 3628 1155 3707 vita
1220 3630 1670 3730 fungeretur
1728 3635 1970 3733 pater,
2052 3628 2384 3705 infausta
2439 3626 2532 3702 de
2567 3624 2910 3726 AEgypto

664 3749 1015 3826 nuntiata
1072 3756 1254 3826 sunt
1321 3775 1339 3826 ε
1401 3747 1746 3828 ferebant
1799 3775 2059 3853 regem
2124 3749 2505 3840 Tharaca,
2564 3743 2907 3848 profecto

665 3867 997 3944 Niniven
1046 3871 1122 3945 et
1158 3872 1576 3969 aegrotante
1610 3870 2171 3965 Assaraddone‚
2222 3867 2678 3944 clandestino
2717 3886 2904 3940 con-

664 3986 827 4066 silio
883 3989 1255 4067 struxisse
1318 3994 1395 4067 et
1456 4014 1929 4094 comparasse
2004 3992 2292 4095 copiaS‚
2356 4013 2523 4091 quae
2579 3985 2905 4064 secundo

757 4154 774 4204 i
837 4155 907 4205 Is.
956 4170 995 4205 x
1141 4191 1156 4207 .

721 4155 802 4305 ((2))
846 4171 1072 4293 Tilulixxs’
1107 4161 1205 4293 ille
1249 4242 1456 4307 legitur
1497 4242 1554 4292 in
1599 4258 1908 4294 marmoreo
1945 4244 2130 4311 lapide
2172 4260 2201 4294 e
2254 4242 2458 4309 palatio
2496 4236 2906 4291 Assaraddonis

660 4322 922 4444 33:220,
958 4334 1167 4370 necnon
1219 4319 1275 4368 in
1320 4320 1558 4386 quodam
1608 4322 1817 4372 aheneo
1856 4321 2015 4373 leone
2060 4322 2127 4372 ad
2176 4321 2350 4373 Nebbi
2391 4321 2586 4370 Yunua
2629 4317 2904 4369 tumulum

722 4479 793 4545 (8)
834 4482 910 4535 W.
946 4483 1013 4532 A.
1044 4483 1112 4540 Ι..
1145 4480 1427 4546 imprimis
1454 4479 1560 4532 vol.
1589 4481 1654 4539 V.
1695 4483 1804 4535 tab.
1840 4490 1916 4536 1⁰.

722 4568 793 4632 (4)
826 4568 892 4619 G.
918 4567 1107 4631 Suu-n,
1145 4569 1245 4620 The
1294 4571 1565 4633 Assyrian
1591 4584 1817 4637 eponym
1840 4585 2037 4635 canon,
2063 4585 2118 4632 p.
2150 4570 2260 4621 141.
2287 4597 2349 4606 —
2389 4568 2472 4618 Cf.
2506 4567 2566 4617 Ε.
2598 4567 2665 4621 Α.
2697 4566 2902 4629 Ruunt,

660 4644 886 4708 History
914 4643 978 4708 os
997 4644 1377 4703 Esarhaddon,
1423 4661 1456 4711 p
1521 4649 1628 4698 115.
1665 4674 1728 4684 —
1756 4645 1818 4697 Τ.
1847 4647 1910 4700 Β.
1941 4648 2007 4698 Α.
2038 4647 2142 4697 vol.
2174 4647 2266 4707 IV,
2306 4653 2431 4712 part
2458 4644 2501 4708 1,
2531 4649 2670 4697 1875.
