3719 5650
1741 725 2231 792 ...42—

870 882 1105 974 Veni;
1152 880 1287 958 tibi
1328 879 1600 958 tradidi
1641 879 2111 983 plectendam
2150 884 2434 958 terram
2466 878 2797 957 Orientis
2824 904 2843 974 ;
2873 876 3110 955 Kefta

865 1007 943 1079 et
1000 1000 1228 1077 Asebi
1294 1000 1432 1077 sub
1497 1004 1632 1077 tuo
1700 997 2068 1100 regimine
2134 1002 2604 1078 tremunt....
2668 997 2908 1092 Veni3
2968 996 3105 1074 tibi

868 1119 1143 1198 tradidi
1198 1117 1730 1195 concutiendos
1800 1116 1997 1212 illos,
2061 1118 2189 1219 qui
2251 1118 2329 1194 in
2390 1117 2658 1194 insulis
2714 1117 3097 1220 degunt...

867 1237 1397 1317 concutiendos
1437 1236 1856 1314 Ta’hennu.
1898 1237 2277 1314 Danouna
2325 1236 2590 1314 insulae
2645 1240 2799 1313 tuae
2840 1238 3098 1337 potes-

855 1358 997 1436 tati
1025 1355 1717 1435 submittuntur....
1750 1354 1981 1449 Veni3
2025 1354 2160 1431 tibi
2200 1354 2366 1432 dedi
2401 1354 2803 1457 premenda
2841 1355 3099 1430 extre-

855 1504 982 1556 ma
1008 1479 1344 1555 mariS...
1382 1500 1643 1553 omnes
1668 1476 1889 1578 quiin
1918 1475 2315 1578 paludibus
2334 1482 2864 1577 repugnant...
2905 1474 3099 1576 Ipsis

857 1600 1331 1700 majestatem
1372 1602 1583 1672 tuam
1620 1595 1914 1672 ostendi
1953 1593 2103 1699 (1).
2141 1624 2181 1668 ›
2226 1595 2508 1686 Immo,
2543 1594 2636 1670 ad
2675 1593 3093 1687 meridiem,

854 1716 932 1793 in
1000 1714 1467 1816 AEthiopiam
1527 1713 2018 1815 regionesque
2073 1713 2274 1791 ultra
2336 1714 2501 1815 ejus
2569 1712 2752 1788 fines
2811 1711 3096 1814 positas

854 1836 1300 1911 firmabatur
1348 1831 1673 1934 AEgypti
1726 1832 2155 1933 imperium.
2221 1833 2418 1909 Dum
2457 1838 2712 1908 autom
2752 1831 3096 1933 vigerent

850 1978 1093 2049 arma,
1131 1952 1612 2029 humaniores
1661 1950 1939 2028 litterae
1986 1956 2060 2028 et
2103 1955 2307 2030 artes
2365 1950 2648 2053 pariter
2692 1950 3086 2028 florebant.

956 2074 1060 2149 At
1097 2072 1407 2148 ineunte
1447 2069 1631 2146 XIX
1668 2070 2060 2172 dynastia,
2109 2096 2205 2147 ex
2245 2070 2476 2147 variis
2517 2068 2753 2172 signis
2784 2068 3089 2171 dignos-

853 2190 1050 2270 citur
1070 2194 1364 2267 tantam
1394 2213 1617 2266 ruere
1639 2194 2087 2291 potestatem
2112 2190 2592 2291 breviterque
2612 2213 2781 2266 eam
2802 2189 2943 2291 disj
2954 2214 3092 2268 un·

853 2310 1172 2413 gendam
1212 2333 1405 2388 esso.
1454 2310 1848 2411 AEgyptus
1911 2309 2109 2385 enim
2171 2333 2322 2385 non
2351 2310 2509 2409 jam
2546 2308 2713 2385 aliis
2739 2309 3091 2411 gentibus

850 2431 1112 2521 instat,
1139 2428 1267 2505 sed
1295 2432 1374 2504 et
1403 2426 1568 2530 ipsa
1593 2428 1685 2505 ab
1709 2427 2055 2504 hostibus
2085 2428 2396 2530 petitur,
2431 2426 2811 2530 variisque
2838 2429 3089 2506 causis

848 2573 1018 2649 quae
1055 2546 1149 2624 ad
1188 2571 1308 2623 res
1338 2550 1504 2623 tum
1542 2545 1837 2642 civileS,
1869 2554 2033 2624 tum
2073 2546 2468 2649 religiosas
2505 2551 2873 2650 spectant,
2918 2573 3085 2653 pro-

844 2667 1146 2744 hibetur
1209 2691 1303 2743 ne
1366 2665 1864 2744 Palaestinam
1920 2672 1998 2745 et
2038 2667 2338 2770 Syriam
2391 2669 2528 2745 sub
2571 2667 2902 2744 dominio
2951 2694 3084 2746 suo

843 2789 1119 2868 servet.
1164 2785 1319 2863 Vix
1366 2786 1568 2864 enim
1615 2812 1656 2864 e
1706 2786 1904 2865 vivis
1955 2787 2261 2866 recessit
2309 2788 2636 2866 Ramses
2689 2788 2788 2884 II,
2852 2813 3086 2891 quum

842 2908 1237 3011 imperium
1303 2909 1394 2984 ab
1472 2933 1557 2985 eo
1626 2908 2014 2986 conditum
2084 2910 2241 3012 jam
2316 2911 2737 3013 prolabitur
2793 2937 2810 2988 ε
2886 2913 3083 3014 quod

846 3027 1214 3104 invadunt
1239 3024 1532 3129 Lybiae,
1559 3026 1792 3123 Asiae,
1837 3027 2374 3107 Mediterranei
2411 3027 2637 3106 maris
2667 3029 3084 3109 insularum

843 3145 1204 3241 cultoreS,
1268 3151 1347 3223 et
1399 3146 1498 3223 ad
1572 3145 2164 3248 septentrionem
2219 3153 2597 3250 occupant
2655 3149 3082 3252 partimque

841 3263 1209 3368 diripiunt
1276 3264 1663 3367 regionem
1725 3290 1895 3366 quae
1962 3274 2280 3343 vocatur
2341 3265 2579 3344 Delta
2636 3266 2783 3372 (2).
2864 3269 3081 3347 Unde

835 3388 1201 3486 regnante
1257 3383 1408 3460 XX
1461 3382 1837 3485 dynastia,
1912 3382 2178 3486 incipit
2228 3386 2812 3486 perturbationis
2865 3392 3079 3486 zetas,

836 3525 1004 3602 quae
1024 3528 1159 3605 per
1183 3508 1509 3604 quatuor
1524 3499 1679 3577 fere
1695 3499 1993 3603 integra
2010 3502 2289 3579 saecula
2303 3505 2739 3607 AEgyptum
2752 3505 3077 3584 foedabit.

833 3619 1225 3697 Accedunt
1289 3620 1516 3698 etiam
1569 3619 2095 3699 contentiones
2155 3620 2714 3725 {actionumque
2769 3650 3075 3727 pugnae‚

832 3742 1167 3841 potestas
1217 3763 1264 3815 a
1336 3737 1853 3815 sacerdotibus
1909 3747 2322 3842 usurpata,
2388 3740 2586 3820 inter
2647 3742 3078 3821 inferiorem

833 3858 1439 3961 superioremque
1504 3860 1935 3964 AEgyptum
2002 3868 2167 3937 orta
2230 3862 2531 3966 jurgia,
2594 3864 2690 3939 ad
2772 3867 3074 3956 exteros

830 3969 1128 4056 demum
1160 4003 1375 4081 reges
1406 3978 1712 4056 deditio,

890 4147 966 4210 (ι)
996 4147 1349 4210 ιεκοιιωικτ,
1373 4149 1614 4199 Histoire
1634 4149 1893 4199 ancienne
1910 4148 1972 4199 de
1994 4149 2235 4211 l’Ore'ent,
2255 4157 2385 4200 tom.
2411 4151 2483 4208 11.
2502 4167 2556 4215 p.
2582 4155 2694 4205 ¹229.
2711 4179 2773 4191 —
2794 4153 3074 4219 Hasmo,

828 4226 1059 4276 Histoire
1087 4225 1342 4275 ancienne
1358 4222 1446 4274 des
1461 4224 1671 4286 peuptes
1700 4223 1763 4275 de
1781 4223 2025 4280 l'Orienl.
2055 4228 2200 4280 1878.
2232 4240 2282 4288 p.
2309 4229 2433 4290 2063
2464 4229 2545 4280 Du
2565 4240 2725 4291 venre
2749 4227 3073 4293 epistolam,

825 4315 878 4365 p.
904 4302 986 4354 ⁸5,
1020 4304 1097 4349 89.
1123 4325 1184 4335 —
1214 4298 1512 4359 Mamm-n,
1545 4301 1713 4349 Revue
1740 4298 1985 4362 cinerate
2025 4299 2088 4350 de
2129 4300 2556 4363 l'Archt'tectwre,
2584 4307 2721 4366 θεοῦ,
2752 4311 2889 4353 tom.
2915 4318 3068 4368 xvm,

824 4375 930 4426 col.
957 4377 1036 4434 51,
1068 4380 1151 4436 60;
1177 4377 1360 4430 Nolite
1380 4374 1470 4424 des
1496 4375 1825 4438 principuus:
1856 4380 2195 4428 monuments
2216 4377 2431 4440 expoce's
2450 4391 2525 4429 aa
2543 4378 2720 4431 mule
2750 4379 2813 4430 de
2844 4380 3074 4443 Βοκίας,

828 4454 884 4500 8⁶
916 4450 1148 4508 edition,
1177 4465 1229 4514 p.
1268 4453 1349 4508 ⁷⁸,
1379 4455 1461 4500 80.
1486 4476 1551 4487 -—
1588 4449 1780 4509 Bmcu,
1816 4451 2204 4515 Archaeolom'o,
2250 4460 2384 4503 tom.
2417 4469 2606 4504 unu.
2644 4479 2707 4491 —
2749 4455 2830 4504 Du
2857 4455 3064 4518 Rouoek,

827 4528 998 4577 Revue
1024 4524 1438 4612 archloloqique.
1472 4530 1609 4575 ¹8⁶1.

884 4615 949 4674 (2)
983 4613 1212 4671 Cuma.
1242 4612 1441 4664 Eludes
1464 4625 1565 4664 sur
1592 4613 1666 4664 ΙἈ
1680 4614 1906 4678 nuquam·
1929 4614 2240 4680 histor-ique,
2270 4631 2328 4680 p.
2350 4618 2594 4668 2³0-250.
