3719 5650
1481 774 2021 842 —203—

1712 1031 1786 1101 X

718 1228 1138 1303 Nummode
1178 1227 1501 1302 tenenda
1536 1226 1648 1301 est
1675 1174 2070 1318 sententia,
2112 1247 2279 1319 quae
2318 1226 2591 1301 librum
2625 1227 2877 1302 'robiae

625 1373 873 1449 graece
907 1351 1249 1448 primitus
1294 1350 1793 1446 conscriptum
1835 1348 2062 1424 fuisse
2098 1352 2391 1424 asserit.

1690 1576 1816 1647 XI

728 1773 1133 1849 Historiam
1154 1777 1199 1849 J
1203 1774 1417 1848 udith
1438 1776 1613 1849 ante
1641 1773 1987 1850 exsilium
2015 1773 2541 1870 babylonicum
2577 1778 2650 1849 et
2687 1774 2886 1850 circa

628 1895 966 1989 tempora
1010 1896 1209 1993 regis
1253 1899 1638 1972 Manasses
1700 1896 2205 1971 verisimiliter
2242 1896 2639 1993 contigisse
2683 1918 2886 1972 asse-

631 2022 781 2091 tur.

1685 2194 1842 2266 XII

731 2396 1034 2488 Integra
1069 2394 1401 2469 Estheris
1440 2393 1774 2485 historia,
1823 2393 2062 2488 qualis
2102 2392 2466 2470 hebraicis
2510 2399 2585 2471 et
2621 2395 2890 2491 graecis

639 2517 969 2593 textibus
1020 2518 1289 2609 exstat,
1345 2539 1523 2593 vera
1563 2523 1701 2593 est.

1661 2704 1871 2776 XIII

743 2899 942 2973 Nihil
976 2899 1222 2995 aptius
1250 2901 1415 2975 erat
1454 2901 1758 2975 nomine
1802 2925 1922 2974 mn*
1954 2902 2062 2975 ad
2098 2901 2585 2976 asserendum
2628 2901 2893 2977 contra

646 3023 895 3098 varios
960 3024 1422 3118 antiquitatis
1488 3044 1780 3097 errores
1846 3024 2218 3099 infinitam
2278 3024 2416 3098 Dei
2490 3025 2898 3099 essentiam

651 3149 957 3244 ejusque
1017 3148 1434 3223 absolutam
1485 3148 1951 3222 identitatem
2004 3170 2177 3224 cum
2255 3148 2652 3223 existentia
2715 3149 2901 3223 divi-

650 3273 913 3367 nisque
950 3271 1294 3346 omnibus
1339 3270 1937 3365 perfectionibus,

1684 3496 1883 3567 XIV

748 3699 1150 3771 Character
1176 3696 1577 3791 personalis
1604 3694 1971 3788 simulque
1999 3693 2356 3767 relativus
2393 3693 2622 3766 Verbi
2648 3694 2902 3768 Divini

652 3820 927 3913 optime
964 3819 1376 3893 ostenditur
1411 3817 1664 3911 primis
1701 3815 2094 3910 Evangelii
2121 3815 2431 3889 Joannis
2473 3814 2895 3905 versiculiS‚

655 3946 731 4018 ct
771 3940 1210 4016 nominatIm
1245 3941 1565 4013 formula
1613 3946 1753 4027 πρὸς
1794 3945 1887 4005 τὸν
1923 3939 2100 4005 Θὲέν.

1703 4174 1863 4244 XV

761 4400 799 4443 ι
860 4373 1125 4448 Omnia
1167 4394 1299 4469 per
1345 4373 1591 4467 ipsum
1653 4373 2033 4471 (Verbum)
2087 4369 2282 4444 facta
2358 4372 2576 4458 sunt,
2633 4368 2707 4441 et
2756 4367 2915 4440 sine

661 4497 817 4592 ipso
862 4495 1139 4571 factum
1193 4497 1558 4571 estnihil.
1616 4497 1826 4579 Quod
1867 4495 2146 4570 factum
2191 4491 2349 4581 est,
2404 4490 2484 4564 in
2541 4494 2707 4586 Ipso
2759 4490 2919 4564 vita

662 4623 850 4695 erat.
897 4645 934 4690 >
990 4619 1290 4713 (JOANN.
1342 4621 1400 4701 Ι,
1437 4629 1493 4702 3,
1536 4621 1632 4715 4.)
