3719 5650
1496 780 2034 844 —125—

643 937 897 1039 ipsum
936 939 1318 1013 testantur
1369 939 1661 1014 veteres
1720 934 2055 1012 historici
2104 932 2253 1040 (l),
2312 938 2389 1012 et
2449 934 2889 1034 comprobat

645 1080 981 1158 praesens
1038 1055 1435 1133 ruinarum
1482 1058 1766 1150 statuS‚
1816 1078 1984 1155 quae
2042 1052 2317 1156 ubique
2373 1053 2886 1130 incendiorum

651 1173 992 1277 vestigiis
1041 1174 1426 1252 foedantur
1469 1171 1616 1280 (52).

753 1295 952 1371 Dum
1012 1293 1316 1371 Nahum
1373 1318 1499 1370 eos
1557 1290 1915 1372 describit
1984 1290 2117 1393 qui
2176 1320 2213 1363 αι
2274 1291 2471 1368 sicut
2530 1290 2767 1392 spinae
2810 1313 2890 1365 se

646 1412 967 1491 invicem
1012 1415 1643 1518 complectuntur,
1685 1414 1791 1491 sic
1829 1411 2264 1489 convivium
2307 1435 2570 1489 eorum
2609 1410 2890 1513 pariter

644 1533 1070 1637 potantium
1127 1531 1272 1638 (3),
1340 1564 1377 1607 >›
1439 1533 1812 1611 Diodorus
1864 1532 2167 1612 Siculus
2224 1530 2456 1609 refert
2507 1529 2889 1607 Ninivitas

646 1651 888 1730 ebrios
911 1652 1173 1748 fuisse,
1193 1677 1427 1754 quum
1457 1654 1641 1730 urbs
1673 1651 1941 1730 ultimo
1967 1651 2255 1754 impetu
2283 1649 2881 1753 oppugnaretur3

646 1771 829 1850 item
883 1771 1315 1850 describunt
1367 1771 1777 1875 anaglypta
1825 1771 2070 1848 ebrias
2126 1794 2410 1863 coenas,
2463 1767 2543 1844 in
2621 1765 2891 1868 quibus

651 1915 814 1986 rex,
862 1914 1118 1968 coram
1172 1889 1443 1993 regina.
1476 1892 1763 1993 jacenS,
1801 1895 1881 1968 et
1917 1891 2010 1967 ab
2040 1889 2307 1967 aulicis
2344 1886 2883 1977 circumdatus,

648 2010 1001 2112 poculum
1063 2010 1242 2088 vino
1308 2011 1615 2115 plenum
1686 2011 1793 2090 eis
1854 2012 2166 2114 praebet.
2257 2008 2547 2087 Deinde
2623 2008 2889 2085 urbem

648 2153 957 2230 prorsus
997 2128 1461 2233 spoliandam
1499 2155 1663 2208 esse
1719 2129 2004 2234 profert
2055 2130 2360 2207 Nahum
2405 2127 2524 2203 his
2561 2124 2812 2202 verbis
2865 2149 2882 2199 ε

653 2276 690 2319 ‹
761 2246 1084 2350 Diripite
1157 2255 1557 2352 argentum
1599 2275 1616 2345 ;
1716 2250 2016 2352 diripite
2102 2272 2474 2326 aurum...
2573 2242 2756 2351 (4),
2844 2272 2882 2317 ι»

650 2392 818 2468 quae
859 2392 957 2442 ex
996 2392 1082 2444 eo
1122 2369 1714 2470 comprobantur
1763 2369 1962 2471 quod
2021 2366 2411 2444 rarissima
2469 2389 2701 2442 aurea
2756 2365 2891 2439 aut

647 2496 1010 2594 argentea.
1037 2491 1467 2594 fragmenta
1493 2492 1573 2569 in
1599 2493 1867 2571 mediis
1892 2491 2131 2569 ruinis
2158 2492 2470 2568 inventa
2516 2488 2695 2566 sint.

757 2751 1078 2830 XLVII.
1138 2798 1233 2809 —-
1284 2750 1651 2830 Absoluta
1699 2774 1882 2853 ergo
1908 2745 2066 2828 'fuit
2103 2749 2314 2827 urbis
2355 2746 2688 2840 eversi03
2734 2745 2892 2847 jam

650 2868 851 2947 enim
890 2873 1288 2947 evanescet
1326 2869 1597 2946 civitas
1638 2893 1805 2970 quae
1852 2899 1890 2942 ι
1926 2868 2285 2973 dissipata
2322 2872 2467 2963 est,
2504 2868 2582 2943 et
2621 2863 2886 2957 scissa,

652 2990 728 3064 et
800 2988 1346 3066 dilacerata....
1411 2989 1511 3065 Et
1583 2989 1733 3065 erit
1810 3013 1828 3064 ε
1895 2987 2142 3064 omnis
2221 2985 2350 3088 qui
2426 2982 2703 3061 viderit
2764 2988 2886 3075 te,

653 3105 941 3184 resiliet
994 3132 1041 3183 a
1103 3113 1179 3185 te
1250 3111 1326 3184 et
1387 3106 1582 3184 dicet
1648 3133 1666 3183 :
1715 3107 2040 3183 Vastata
2101 3108 2218 3181 est
2281 3102 2556 3180 Ninive
2621 3097 2766 3206 (5).
2847 3129 2884 3172 »

656 3225 843 3309 Quae
890 3224 998 3302 ita
1039 3225 1412 3326 descripta
1453 3226 1631 3301 sunt
1677 3228 1762 3301 ut
1809 3249 1984 3301 cum
2031 3223 2183 3300 situ
2231 3221 2477 3298 nostri
2532 3216 2893 3320 temporis

655 3366 963 3444 prorsus
1018 3344 1419 3446 quadrent.
1463 3344 1641 3421 Jam
1690 3343 2156 3420 acerbiorem
2215 3345 2450 3418 tantae
2512 3336 2894 3414 vastatio-

721 3587 793 3652 (1)
827 3586 977 3639 ῡιοο.
1012 3587 1141 3645 Sto..
1180 3587 1245 3650 ΙΙ,
1284 3588 1446 3638 25-28.
1483 3615 1543 3625 -
1578 3586 1659 3638 Cf.
1696 3586 1835 3636 alios
1879 3592 2130 3636 auctores
2180 3584 2327 3650 apud
2367 3583 2805 3643 Kuannsmmm,
2837 3580 2899 3631 in

659 3662 950 3727 Prophetas
982 3665 1239 3727 Minores,
1268 3677 1315 3726 p.
1340 3667 1420 3719 45,
1444 3662 1660 3712 citatos.

722 3762 802 3825 (2)
834 3761 1034 3810 Omnes
1077 3767 1557 3810 monumentorum
1610 3760 1876 3824 reliquiae·
1915 3765 2185 3808 testantur
2222 3758 2455 3807 Niniven
2489 3757 2614 3819 igne
2654 3755 2902 3819 periisse,

659 3852 721 3885 ex
737 3837 851 3886 fere
869 3836 1116 3886 unanimi
1136 3836 1541 3901 exploratorum
1559 3850 1846 3894 consenum
1865 3851 2032 3884 unum
2056 3842 2266 3883 tantum
2291 3835 2435 3883 inter
2453 3831 2653 3881 multoe
2673 3830 2903 3893 retineo,

661 3910 871 3973 Layard
914 3926 1128 3974 nempe,
1154 3913 1247 3976 qui
1291 3912 1356 3961 de
1387 3912 1503 3960 aede
1534 3911 1590 3958 in
1629 3910 1840 3959 tumulo
1883 3909 2196 3971 Koyundjik
2233 3918 2452 3972 reperta
2498 3906 2577 3956 sic
2622 3905 2904 3970 loquitur:

663 3985 830 4034 «The
862 3984 1049 4049 palace
1067 3984 1174 4033 had
1207 3985 1341 4034 been
1374 3984 1658 4047 destroyed
1683 3985 1747 4048 by
1775 3985 1890 4033 flre.
1925 3984 2037 4033 The
2079 3983 2353 4032 alabaster
2370 3981 2517 4032 slabs
2536 3995 2675 4030 were
2710 3980 2912 4030 almost

661 4059 896 4110 reduced
928 4065 979 4107 to
1008 4059 1162 4120 lime,
1199 4059 1303 4108 and
1332 4072 1491 4123 many
1526 4059 1586 4108 of
1621 4059 1766 4108 them
1796 4059 1900 4108 seel
1930 4066 1982 4108 to
2016 4059 2193 4122 pieces
2230 4072 2292 4107 as
2333 4073 2463 4106 soon
2493 4072 2552 4105 as
2582 4055 2910 4106 uncovered.

663 4134 776 4185 The
807 4132 1011 4198 places,
1040 4134 1219 4182 which
1248 4133 1434 4183 others
1464 4132 1570 4182 had
1603 4133 1892 4197 occupied,
1922 4134 2080 4183 could
2123 4132 2248 4195 only
2284 4132 2348 4181 be
2393 4130 2577 4180 traced
2609 4131 2674 4194 by
2705 4144 2737 4178 a
2757 4129 2911 4179 thine

664 4210 827 4259 white
871 4208 1103 4273 deponit,
1140 4208 1240 4257 lest
1280 4208 1346 4270 by
1393 4209 1483 4257 the
1534 4209 1698 4257 burnt
1740 4208 2016 4258 alabaster
2051 4223 2192 4273 upon
2244 4208 2335 4256 the
2367 4207 2488 4255 wall
2531 4205 2592 4256 os
2615 4204 2909 4255 sun-dried

664 4283 867 4342 bricks,
894 4284 1001 4332 and
1055 4283 1264 4345 having
1303 4283 1395 4332 the
1443 4297 1790 4347 appearance
1839 4283 1899 4331 of
1925 4298 1957 4331 a
1987 4283 2209 4345 coating
2251 4281 2311 4331 of
2354 4280 2576 4346 plaster.
2601 4296 2630 4327 n
2672 4279 2914 4338 Lamum,

662 4359 897 4412 Nineveh
924 4357 1032 4408 ancl
1057 4358 1138 4408 his
1167 4358 1427 4419 remeius,
1463 4363 1592 4409 tom.
1620 4358 1690 4418 11,
1727 4375 1779 4424 p.
1823 4361 1933 4411 121.

729 4459 804 4521 (3)
834 4458 996 4516 Nan..
1031 4456 1068 4519 1,
1103 4461 1179 4509 10.

730 4564 801 4625 (4)
831 4563 993 4627 Nan„
1024 4562 1093 4622 ΙΙ,
1127 4567 1174 4614 9.

733 4668 808 4730 (5)
842 4666 1215 4727 Nm.,11,1o;
1247 4666 1340 4726 111,
1374 4673 1421 4715 7.
