3719 5650
1503 748 1994 813 -33-

628 905 843 1005 parte
883 902 1460 1006 AEgyptiorum,
1498 929 1819 1007 quorum
1858 930 1993 982 rex
2032 904 2326 982 alienas
2357 907 2604 981 terras
2636 928 2871 981 occu-

627 1046 810 1125 pare
848 1046 1001 1098 non
1049 1023 1330 1118 studet,
1380 1027 1735 1125 totusque
1786 1024 1863 1100 in
1915 1023 2439 1101 stabiliendam
2489 1025 2880 1125 propriam

628 1142 1157 1220 auctoritatem
1220 1143 1611 1221 incumbit.
1673 1144 1754 1224 Si
1806 1171 1988 1223 vero
2061 1144 2240 1223 Sion
2316 1147 2596 1246 absque
2658 1143 2881 1222 sociis

627 1265 1089 1363 permaneat,
1125 1288 1302 1339 mox
1347 1293 1383 1335 α
1430 1262 1766 1364 reliquiae
1804 1266 1851 1342 J
1864 1264 2007 1341 uda
2033 1262 2149 1367 (l)
2199 1295 2234 1337 »
2282 1266 2373 1342 ab
2413 1264 2502 1340 iis
2540 1266 2877 1341 obruen-

626 1386 753 1455 tur
794 1380 922 1481 qui
960 1379 1496 1459 damascenum
1533 1407 1856 1485 regnum
1896 1388 2364 1462 everterunt.

736 1499 980 1602 Cujus
1071 1502 1509 1604 aegyptiacae
1587 1502 1933 1580 factionis
2015 1504 2170 1581 dux
2254 1504 2491 1582 fuisse
2580 1503 2878 1581 videtur

634 1618 911 1716 Sobna,
960 1620 1199 1720 ipsius
1238 1622 1545 1699 nomine
1584 1629 1761 1713 ⁸3:327
1817 1624 2280 1701 aramaicum
2336 1626 2588 1700 ortum
2641 1623 2875 1725 signi-

631 1740 902 1815 ficante
955 1739 1117 1846 (52);
1171 1740 1367 1819 ratio
1419 1745 1536 1818 est
1595 1767 1730 1819 cur
1794 1742 2032 1819 Isaias
2089 1743 2168 1819 in
2234 1768 2408 1821 eum
2471 1741 2881 1819 verisimile

630 1859 971 1935 invectus
1004 1859 1130 1955 sit,
1177 1886 1410 1963 quum
1443 1861 1807 1964 populum
1849 1862 1960 1939 sic
1997 1862 2415 1966 alloquitur
2454 1890 2470 1939 :
2530 1892 2564 1934 ‹<
2602 1862 2752 1938 Pro
2791 1887 2878 1938 eo

633 1978 831 2079 quod
862 1979 1324 2081 reprobastis
1355 1982 1674 2058 verbum
1712 1981 1885 2075 hoc,
1918 1986 1993 2059 et
2033 1982 2395 2086 sperastis
2440 1988 2526 2057 in
2559 1984 2873 2057 calum-

632 2102 775 2174 nia
816 2108 885 2172 et
929 2104 1018 2172 in
1045 2102 1425 2191 tumultu,
1463 2104 1541 2176 et
1579 2099 1820 2176 innixi
1859 2101 2044 2177 estis
2086 2127 2311 2204 super
2350 2126 2438 2178 eo
2476 2105 2875 2202 :propter-

633 2242 722 2294 ea
758 2218 900 2294 erit
919 2219 1133 2297 vobis
1160 2220 1522 2322 iniquitas
1555 2221 1751 2298 haec.
1773 2281 1788 2297 .
1808 2282 1859 2296 ..
1894 2219 2039 2326 (3).
2067 2252 2102 2294 »
2126 2222 2347 2299 Unde
2367 2221 2559 2297 nihil
2590 2222 2876 2297 mirum

633 2338 694 2413 si
731 2336 942 2414 illum
973 2338 1247 2434 solum,
1278 2345 1505 2441 prout
1534 2340 1919 2441 privatum
1943 2339 2325 2417 hominem
2372 2365 2529 2416 una
2568 2339 2875 2441 speciali

633 2457 1023 2558 prophetia
1060 2458 1565 2555 lacessiverit,
1601 2458 1814 2536 ducis
1846 2464 1922 2537 et
1950 2458 2273 2561 integrae
2308 2463 2535 2536 sectae
2575 2459 2875 2535 ruinam

631 2573 1081 2652 declarando
1122 2573 1269 2680 (4).

734 2692 891 2769 Per
927 2692 1206 2771 multos
1256 2720 1498 2771 annos
1548 2695 1905 2773 Ezechias
1938 2722 2071 2774 rex
2114 2695 2384 2774 Sobnae
2426 2697 2880 2775 sententiam

629 2816 929 2891 secutus
978 2816 1125 2905 est,
1171 2839 1491 2917 eumque
1531 2814 1672 2892 sibi
1710 2815 1805 2892 ad
1849 2841 2012 2893 rem
2049 2813 2429 2919 publicam
2472 2817 2880 2919 gerendam

633 2932 1023 3011 substituit
1076 2959 1093 3009 ε
1161 2936 1465 3011 nuntios
1505 2934 1854 3036 judaicos
1907 2935 2225 3013 adverso
2277 2937 2449 3013 Nilo
2495 2936 2707 3013 misit
2754 2937 2883 3038 qui

634 3051 878 3130 foedus
910 3078 1080 3129 cum
1122 3054 1522 3155 aethiopico
1562 3080 1742 3156 rege
1791 3055 2137 3133 Tharaca
2174 3055 2533 3150 ferirent;
2572 3056 2880 3158 ipseque

640 3171 1039 3268 EzechiaS‚
1131 3172 1551 3250 vicinorum
1638 3174 2090 3276 populorum
2164 3180 2426 3278 pact0‚
2524 3175 2886 3252 adversus

639 3290 993 3393 Assyrios
1037 3293 1487 3395 praepositus
1526 3296 1669 3373 est.
1716 3293 2235 3397 Opportunam
2285 3319 2467 3371 sane
2513 3293 2589 3369 in
2640 3297 2886 3369 morte

641 3410 936 3512 Sargon
984 3411 1446 3488 occasionem
1509 3412 1748 3505 nacti,
1805 3413 2279 3517 AEgyptique
2323 3411 2744 3515 promissis„
2799 3415 2887 3487 ut

636 3528 965 3622 videtur,
998 3530 1211 3623 moti,
1241 3554 1502 3606 omnes
1534 3529 1952 3607 Phoeniciae
1997 3531 2366 3633 principes
2403 3528 2886 3606 niniviticum

626 3647 903 3748 jugum
931 3652 1452 3744 excusserunt,
1486 3653 2076 3753 averteruntque
2114 3650 2513 3754 praefectos
2545 3648 2672 3752 qui
2705 3673 2889 3728 con-

626 3765 886 3866 jurare
944 3765 1329 3859 nolebant,
1376 3770 1462 3843 ut
1512 3767 1740 3862 Padi,
1805 3793 2063 3870 regem
2097 3770 2475 3863 Accaron,
2521 3766 2649 3870 qui
2697 3769 2890 3845 Eze-

699 3998 765 4062 (1)
805 3997 1057 4056 hamul,
1087 4003 1161 4046 ¹5.

695 4086 759 4148 (2)
796 4083 1015 4133 Omisso
1058 4089 1285 4148 paterno
1330 4082 1571 4146 nomine,
1605 4083 1893 4148 probabile
1938 4082 2152 4133 videtur
2203 4082 2385 4132 Sobna
2421 4082 2664 4146 judaicae
2701 4083 2891 4147 stirpis

635 4175 738 4210 non
763 4174 909 4220 esse3
947 4159 1116 4209 immo
1146 4165 1289 4209 statu
1322 4160 1639 4224 emphatico
1664 4159 1898 4223 hujusce
1929 4159 2076 4210 vocis
2111 4145 2284 4226 Νξὲῐζ]
2321 4156 2631 4219 (Gssssmus,
2666 4158 2887 4219 Lehrye-

631 4241 795 4292 bdude
833 4241 929 4291 cler
972 4241 1313 4292 hebraischen
1352 4243 1604 4308 Sprache,
1642 4242 1683 4291 Ι.
1722 4242 2008 4306 Ηαυριῐὴ..
2040 4256 2162 4304 cap.
2193 4239 2270 4301 11,
2295 4240 2325 4302 ἓ
2350 4241 2427 4287 42.
2464 4237 2708 4301 Leipsig,
2738 4237 2888 4297 1817)

629 4318 883 4367 innuitur
922 4316 1103 4381 ipsum
1142 4317 1210 4365 ab
1239 4317 1550 4367 Aramaicis
1587 4318 1914 4378 oriundum;
1946 4317 1990 4366 si
2022 4317 2201 4381 igitur
2247 4315 2427 4363 Sobna
2460 4328 2492 4362 a
2525 4313 2791 4362 Damasco
2819 4312 2886 4360 ad

626 4391 931 4442 Jerusalem
965 4398 1305 4454 pervenerat,
1331 4393 1639 4443 necessario
1668 4393 1984 4457 aegyptiacae
2021 4391 2162 4456 parti
2185 4389 2365 4439 favere
2398 4387 2663 4451 Isaiaeque
2691 4387 2892 4452 probra

632 4469 829 4519 mereri
861 4469 1113 4519 debebat.

690 4558 759 4620 (3)
791 4557 880 4616 Is.‚
912 4572 1041 4613 xxx,
1071 4556 1248 4619 12,13.

691 4644 767 4700 (1)
800 4644 887 4694 Is..
913 4660 1044 4694 xxii.
1064 4643 1232 4694 1535.
