3719 5650
1678 738 2170 808 ...36-

912 891 1084 968 Non
1121 894 1376 969 tamen
1397 891 1732 971 vindicta
1758 894 1836 972 in
1866 894 2165 972 ruinam
2193 900 2560 993 vertetur,
2584 895 2711 973 sed
2739 894 3047 973 modum

797 1011 1013 1087 trans
1052 1010 1236 1088 fines
1273 1038 1318 1086 a
1349 1013 1507 1090 Deo
1549 1014 1873 1091 statutos
1905 1013 2342 1093 nullatenus
2375 1015 2741 1093 excedere
2771 1013 3047 1116 poterit

802 1129 1046 1207 hostis
1081 1155 1099 1208 2
1145 1159 1181 1203 «
1222 1132 1342 1208 Ad
1388 1138 1692 1234 gentem
1731 1133 2075 1211 fallacem
2117 1134 2413 1213 mittam
2453 1160 2628 1212 eum
2669 1137 2745 1210 et
2781 1134 3048 1210 contra

804 1248 1166 1351 populum
1206 1250 1487 1328 furoris
1528 1253 1671 1330 mei
1714 1253 2082 1331 mandabo
2128 1254 2270 1347 illi,
2310 1260 2398 1332 ut
2432 1253 2728 1332 auferat
2768 1250 3040 1356 spolia,

800 1371 876 1444 et
914 1368 1221 1470 diripiat
1261 1372 1621 1473 praedam,
1659 1379 1735 1450 et
1765 1377 1997 1474 ponat
2029 1373 2247 1450 illum
2285 1375 2363 1450 in
2404 1370 3044 1451 conculcationem

801 1489 1016 1588 quasi
1056 1487 1307 1565 lutum
1344 1489 1802 1592 platearum.
1846 1495 2016 1594 Ipse
2066 1499 2321 1571 autem
2370 1518 2520 1570 non
2568 1491 2674 1568 sic
2719 1490 3046 1568 arbitra-

800 1606 1006 1683 bitur
1045 1611 1121 1683 et
1166 1632 1295 1683 cor
1339 1610 1503 1710 ejus
1550 1635 1701 1687 non
1754 1611 1859 1688 ita
1907 1611 2400 1707 existimabit,
2459 1612 2585 1689 sed
2638 1611 2733 1687 ad
2792 1610 3043 1685 conte-

799 1725 1122 1802 rendum
1173 1727 1316 1804 erit
1374 1753 1502 1803 cor
1563 1731 1722 1831 ejus
1775 1736 1852 1808 et
1911 1731 2006 1808 ad
2058 1731 2645 1808 internecionem
2699 1728 3044 1831 gentium

801 1866 955 1919 non
1005 1870 1553 1946 paucarum....
1608 1849 1981 1952 Reliquiae
2029 1852 2610 1943 convertentur3
2670 1845 3037 1948 reliquiae,

804 1961 1143 2066 inquam,
1180 1967 1411 2046 Jacob
1451 1968 1547 2044 ad
1584 1971 1826 2047 Deum
1868 1971 2272 2048 fortem...
2316 1971 2643 2072 Propter
2678 1969 2849 2059 hoc,
2885 1967 3047 2041 haec

805 2082 981 2160 dicit-
1019 2085 1389 2164 Dominus
1428 2090 1635 2166 Deus
1677 2090 2144 2167 exercituum
2180 2118 2195 2167 :
2244 2090 2416 2166 Noli
2456 2089 2752 2176 timere,
2796 2111 3044 2189 popu-

799 2199 920 2277 lus
984 2226 1241 2298 meuS‚
1294 2205 1681 2284 habitator
1739 2208 1955 2296 Sion,
2026 2210 2119 2285 ab
2184 2210 2565 2286 Assur....
2635 2205 3047 2283 Auferetur

804 2345 995 2396 onus
1038 2321 1202 2423 ejus
1244 2323 1335 2399 de
1370 2324 1685 2402 humero
1728 2330 1861 2402 tuo
1905 2325 2049 2431 (1).
2094 2356 2130 2397 »

910 2440 1150 2542 Cujus
1197 2446 1451 2519 tamen
1502 2446 1802 2547 superni
1863 2445 2129 2522 auxilii
2180 2471 2348 2547 spes
2400 2446 2603 2543 regis
2655 2449 2730 2521 et
2790 2442 3042 2546 populi

805 2559 1098 2635 animos
1161 2561 1500 2638 nondum
1558 2564 1925 2642 subierat.
1963 2565 2322 2642 Ezechias
2372 2565 2673 2666 quidem
2736 2561 3047 2664 obsequi

807 2702 959 2754 non
1034 2679 1494 2758 diffitebatur
1566 2685 1981 2786 prophetae,
2047 2685 2474 2787 superbiam
2522 2684 2716 2760 hanc
2781 2707 3048 2784 expro-

802 2797 1055 2875 branti
1099 2823 1274 2900 qua,
1321 2806 1498 2879 ante
1538 2803 1975 2906 babylonios
2032 2803 2371 2898 nuntiOS,
2427 2804 2874 2880 thesaurum
2930 2825 3052 2878 re-

804 2915 1019 3018 gium
1067 2923 1547 3016 ostentando,
1603 2923 2073 3001 intumuerat
2135 2951 2151 3000 1
2208 2954 2244 2996 α
2284 2925 2382 3000 Et
2444 2923 2634 3000 dixit
2680 2920 2918 2997 Isaias
2956 2920 3050 2996 ad

809 3036 1258 3115 Ezechiam:
1314 3041 1513 3117 Audi
1560 3043 1879 3119 verbum
1936 3042 2239 3120 Domini
2295 3041 2799 3119 exercituum.
2850 3040 3051 3116 Ecce

809 3152 965 3231 dies
1019 3155 1354 3253 venient,
1414 3164 1490 3235 et
1543 3159 1984 3236 auferentur
2035 3160 2291 3238 omnia
2335 3186 2502 3262 quae
2541 3157 2618 3234 in
2658 3157 2878 3234 domo
2916 3160 3051 3232 tua

811 3277 1122 3352 sunt....
1162 3276 1262 3350 Et
1298 3276 1487 3354 dixit
1524 3277 1884 3355 Ezechias
1913 3279 2008 3356 ad
2041 3279 2361 3356 Isaiam:
2400 3280 2697 3355 Bonum
2735 3276 3049 3353 verbum

809 3392 1145 3488 Domini,
1181 3396 1375 3495 quod
1418 3395 1721 3474 locutus
1754 3401 1875 3474 est
1917 3397 2062 3503 (2).
2105 3429 2141 3470 »
2193 3399 2363 3474 Non
2407 3402 2662 3473 tamen
2707 3394 2919 3497 prius
2957 3396 3051 3471 ab

809 3512 1204 3615 AEgyptiis
1246 3521 1660 3592 recesserat
1685 3541 1818 3592 rex
1843 3517 1892 3594 J
1897 3518 2046 3592 uda
2085 3541 2313 3618 quam
2343 3514 2850 3593 Sennacherib
2876 3516 3054 3589 ante

809 3631 1422 3733 Hierosolymam
1482 3635 1844 3712 miraculo
1909 3635 2318 3711 inhibitum
2378 3633 2691 3710 viderit.
2753 3631 3056 3708 Exinde

810 3775 991 3826 vero
1032 3750 1256 3852 coepit
1300 3751 1569 3827 isaiam
1609 3753 1686 3828 in
1727 3755 1952 3831 rebus
1983 3762 2150 3832 tum
2190 3753 2532 3830 civilibus
2571 3756 2736 3828 tum
2781 3747 3057 3826 divinis

813 3870 1326 3948 consiliarium
1384 3899 1795 3970 assumere,
1854 3880 2163 3977 totoque
2216 3875 2538 3952 decursu
2587 3873 2764 3949 vitae
2832 3871 3056 3947 fidem

811 3991 1251 4070 inviolatam
1306 3994 1369 4070 ei
1422 3996 1787 4073 servavit.
1844 3998 2084 4073 Immo
2129 4019 2390 4098 quum,
2436 3993 2756 4071 Ezechia
2804 3996 2906 4086 et,
2973 3995 3060 4067 ut

811 4112 1269 4213 probabilius
1331 4113 1663 4207 videtur,
1723 4115 1931 4192 Isaia
2001 4116 2387 4206 defuncto,
2462 4135 2786 4214 regnum
2855 4109 3060 4188 Juda

812 4232 1030 4308 novis
1086 4234 1449 4310 aerumnis
1510 4258 1854 4336 pressum
1910 4240 2056 4332 est,
2114 4259 2266 4311 non
2330 4232 2524 4309 alius
2592 4227 3061 4332 gubernandi

812 4352 1077 4430 modus
1115 4352 1193 4428 in
1242 4378 1461 4429 usum
1501 4352 1747 4450 venit;
1794 4354 2059 4431 domus
2100 4352 2348 4430 David
2382 4351 2856 4454 genuinaque
2903 4347 3064 4424 vita

873 4554 938 4614 (1)
975 4554 1065 4614 1s.,
1096 4569 1150 4614 x,
1181 4556 1230 4603 6.
1255 4555 1417 4615 7,·31,
1451 4556 1535 4612 2¹0,
1563 4558 1651 4602 27.

876 4643 940 4700 (Ξ)
977 4642 1067 4702 Is„
1099 4657 1286 4701 xxxix,
1325 4646 1372 4696 5,
1405 4646 1452 4699 6,
1484 4644 1531 4691 8.
