3719 5650
1752 788 2288 855 ...ων-

896 951 1059 1029 sola
1118 947 1609 1052 agricultura,
1683 947 1811 1025 sed
1872 946 2246 1049 imprimis
2313 946 2648 1024 artificiis
2714 946 2896 1023 clari
2960 947 3136 1025 facti

896 1075 1100 1166 sunt,
1165 1094 1294 1171 per
1350 1067 1794 1145 universum
1859 1068 2117 1144 orbem
2190 1068 2282 1145 ab
2365 1066 2702 1169 antiquis
2786 1067 3137 1170 gentibus

896 1190 1279 1291 cognitum
1343 1185 1495 1292 (1),
1575 1183 1995 1263 Phoeniciae
2066 1184 2390 1287 operarii
2470 1187 2598 1287 qui
2667 1184 2894 1282 lanae,
2961 1186 3139 1289 xylo

891 1307 1384 1409 bombycique
1469 1303 1846 1399 texendis,
1927 1307 2062 1381 aut
2123 1309 2330 1381 ostro
2396 1303 2804 1406 tingendiS,
2909 1305 3139 1381 incu-

894 1430 1228 1506 buerunt
1282 1454 1301 1504 :
1357 1425 1687 1530 jacentia
1741 1426 1941 1502 enim
1998 1424 2077 1501 in
2127 1422 2507 1501 littoribus
2546 1424 2702 1501 suis
2750 1424 3140 1529 conchylia

890 1545 1263 1649 legebant,
1319 1545 1517 1621 unde
1576 1569 2004 1647 purpureus
2064 1542 2272 1620 color
2328 1543 2767 1645 parabatur.

998 1667 1415 1756 Praeterea,
1474 1661 1885 1739 fabricandi
1935 1660 2120 1738 vitri
2184 1666 2431 1737 artem
2480 1687 2955 1765 summopere
3017 1663 3134 1740 fo-

893 1787 1171 1862 vebant
1208 1782 1613 1860 Phoenices
1669 1806 1687 1858 :
1753 1780 2114 1884 quidquid
2172 1779 2376 1858 enim
2443 1781 2536 1857 de
2614 1780 2737 1857 his
2793 1780 3136 1861 fabulose

892 1906 1178 1986 Plinius
1233 1911 1496 1983 narret
1553 1903 1703 2010 (2),
1769 1929 1954 1981 vero
2021 1902 2303 2005 aliquid
2372 1904 2754 1982 tribuatur
2826 1930 3133 1984 necesse

889 2031 1037 2121 est,
1079 2050 1174 2103 ex
1214 2029 1555 2103 veterum
1593 2022 2048 2101 testimoniis
2093 2046 2260 2124 quae
2318 2048 2477 2101 una
2512 2026 2893 2101 testantur
2929 2025 3132 2104 circa

891 2146 1247 2225 Sidonem
1286 2147 1363 2221 et
1403 2143 1721 2245 Sarepta
1763 2147 2175 2244 congestas
2212 2165 2384 2218 esse
2423 2140 2840 2219 vitreorum
2891 2142 3134 2222 offici-

891 2289 1055 2340 nas.
1111 2264 1433 2342 Artibus
1490 2261 1717 2338 etiam
1772 2260 1944 2337 aliis
2012 2259 2451 2363 indulgebat
2518 2259 2712 2338 idem
2777 2262 3127 2364 populuS,

890 2383 1019 2486 qui
1074 2383 1384 2461 Graecos
1449 2406 1637 2457 vasa
1700 2379 2033 2482 fingendi
2099 2384 2173 2457 et
2235 2378 2621 2482 pingendi,
2693 2380 2922 2458 immo
2981 2407 3136 2459 aera

890 2501 1200 2579 caelandi
1239 2504 1485 2578 artem
1531 2499 1812 2578 docuit.
1861 2500 2029 2576 Non
2072 2497 2306 2575 semel
2351 2498 2428 2574 in
2472 2497 2736 2575 Bibliis
2764 2498 3136 2578 industria

890 2619 1366 2714 Phoenicum,
1420 2618 1547 2720 qui
1600 2617 1679 2694 in
1725 2615 2004 2719 templo
2055 2616 2247 2694 etin
2285 2616 2446 2695 aede
2499 2616 2920 2695 Salomonis
2959 2643 3130 2721 ope-

891 2762 1056 2814 ram
1093 2737 1504 2833 navabant,
1540 2734 1942 2814 extollitur
1967 2733 2085 2841 (3)
2114 2761 2131 2831 ;
2160 2736 2502 2813 eamdem
2530 2734 2724 2812 tanti
2753 2736 3134 2815 habebant

891 2855 1239 2959 AEgyptii
1294 2858 1380 2931 ut
1424 2855 1704 2933 directe
1739 2854 2159 2933 artificibus
2199 2879 2385 2931 vasa
2438 2854 2778 2933 facienda
2814 2854 3125 2933 locave-

888 2975 1084 3071 rint,
1153 2978 1289 3051 aut
1350 2998 1477 3051 eos
1550 2979 2220 3052 monumentorum
2278 2999 2587 3051 suorum
2648 2973 3134 3052 incitaverint

887 3093 1291 3190 memoria3
1360 3093 1536 3171 hinc
1597 3093 2038 3196 aegyptiacae
2120 3093 2408 3197 effigies
2469 3098 2545 3171 et
2609 3093 2982 3196 imagines
3051 3093 3131 3169 in

885 3214 1321 3291 eorumdem
1358 3211 1638 3314 poculis
1695 3238 1897 3315 saepe
1951 3218 2323 3316 apparent
2353 3210 2506 3319 (4).
2542 3213 2699 3290 Nec
2733 3211 2984 3289 minus
3020 3212 3131 3289 eis

885 3333 1240 3411 favebant
1277 3331 1553 3428 Graeci,
1598 3332 1873 3435 quippe
1922 3357 2245 3435 quorum
2297 3333 2373 3408 in
2416 3331 2814 3410 homericis
2855 3333 3128 3409 carmi-

882 3451 1134 3548 nibus,
1205 3452 1404 3530 inter
1459 3452 1733 3529 summi
1790 3452 2019 3554 pretii
2085 3477 2269 3528 vasa
2327 3451 2459 3527 illa
2521 3450 3125 3553 proferebantur,

884 3598 1051 3674 quae
1097 3572 1494 3649 Phoenices
1540 3577 1708 3649 tum
1765 3596 1863 3648 ex
1914 3595 2129 3666 aur0,
2173 3575 2342 3647 tum
2393 3594 2486 3647 ex
2526 3573 2774 3666 ebore,
2819 3569 3130 3648 fabrica·

882 3692 1065 3769 bant
1091 3689 1235 3798 (5).
1271 3690 1649 3795 Imprimis
1687 3691 1782 3768 de
1818 3691 2041 3767 ebore
2071 3688 2362 3792 sculpto
2389 3691 2553 3792 agit
2590 3689 2942 3767 Ezechiel
2980 3687 3126 3795 (6),

883 3811 1080 3912 quod
1179 3814 1419 3888 totam
1523 3808 1971 3888 orientalem
2072 3809 2375 3904 Asiam,
2484 3808 2695 3887 nullo
2789 3810 3134 3888 obstante

885 3929 1190 4023 aemulo,
1251 3954 1516 4007 eorum
1569 3953 1753 4006 cura
1806 3931 1884 4006 et
1926 3932 2352 4006 commeatu
2414 3928 2849 4008 invadebat.
2916 3930 3129 4006 Nini-

942 4155 1015 4216 (1)
1049 4153 1162 4214 Εῑ.,
1192 4168 1363 4214 xxvu,
1386 4159 1466 4204 21.

942 4245 1017 4306 (Ξ)
1052 4241 1290 4305 Puteum,
1321 4240 1457 4293 [list.
1494 4245 1704 4303 natur„
1734 4259 1922 4305 xxxin,
1942 4247 2022 4295 65.

940 4335 1015 4396 (3)
1052 4332 1122 4382 111
1152 4332 1225 4395 (1)
1256 4332 1413 4394 Rrec,
1437 4345 1525 4389 vn,
1560 4335 1636 4396 ¹4,
1667 4336 1746 4393 1⁸,
1765 4336 1837 4392 16,
1863 4337 1954 4395 21;
1990 4335 2033 4385 11
2054 4335 2282 4396 Canem,
2307 4348 2363 4398 ιι,
2384 4339 2463 4397 16,
2490 4341 2543 4384 et
2566 4334 2793 4402 passim.

943 4422 1009 4484 (k)
1043 4420 1390 4481 Rawnmson,
1434 4417 1653 4485 History
1690 4420 1759 4483 of
1788 4420 2090 4487 Phoenicia,
2132 4424 2365 4474 209-23-1.
2402 4452 2465 4460 —
2521 4423 3127 4482 CLssRuoxT-Gaxxssm,

880 4493 1199 4559 L'lmaqerie
1229 4492 1623 4553 Pheraia-ienae,
1650 4493 1874 4558 passim.

939 4580 1012 4645 (5)
1046 4580 1211 4638 Hou„
1242 4578 1402 4644 Odys.
1435 4594 1526 4643 xv,
1564 4584 1671 4632 ⁴60.

941 4669 1005 4732 (6)
1041 4666 1256 4726 Ezncn„
1280 4680 1454 4731 xxvii,
1473 4669 1521 4727 6,
1551 4669 1629 4719 15.
