3719 5650
1481 803 1972 872 -53-

606 955 957 1058 piscibus'
995 959 1470 1053 abundabat,
1542 958 1929 1062 quodque,
1997 986 2092 1038 ex
2150 959 2429 1056 altera,
2498 962 2851 1065 AEgyptii

603 1076 735 1172 iis,
789 1081 988 1156 teste
1033 1078 1417 1157 Herodoto
1470 1076 1620 1184 (1),
1666 1079 1963 1182 copiose
2016 1080 2544 1176 vescebantur,
2601 1126 2687 1139 -
2738 1081 2852 1159 uti

608 1195 837 1274 etiam
885 1222 1090 1275 nunc
1166 1222 1294 1275 eos
1344 1200 1740 1275 vescentes
1809 1193 1925 1300 (2)
1987 1197 2277 1299 experti
2314 1204 2610 1276 sumus,
2679 1201 2850 1276 Non

606 1338 785 1416 ergo
836 1314 1203 1393 miremur
1267 1315 1466 1417 quod
1510 1314 1708 1394 inter
1757 1315 2223 1417 quotidianae
2275 1315 2455 1392 vitae
2532 1315 2844 1419 effigieS,

606 1455 773 1532 quae
833 1431 913 1507 in
974 1432 1492 1537 sepulcrorum
1556 1433 1965 1536 parietibus
2022 1432 2501 1535 sculpuntur,
2555 1440 2719 1512 tum
2770 1437 2852 1513 in

602 1551 1191 1648 Beni-Hassan,
1254 1557 1421 1631 tum
1481 1553 1754 1631 Thebis
1795 1559 1873 1630 et
1933 1578 2164 1655 prope
2201 1554 2657 1657 Pyramides
2696 1554 2846 1659 (3),

605 1695 805 1772 saepe
852 1677 1266 1774 appareant
1304 1673 1740 1775 piscatoreS‚
1786 1671 1915 1772 qui
1953 1673 2198 1775 pisces
2251 1677 2389 1750 aut
2437 1673 2517 1750 in
2563 1675 2852 1752 retibus

482 1872 487 1879 ⁴
602 1790 944 1883 trahunt,
991 1794 1125 1868 aut
1175 1791 1252 1868 in
1292 1790 1453 1868 sale
1493 1790 1996 1868 asservandos
2037 1795 2365 1893 ponunt;
2421 1793 2570 1870 huc
2619 1794 2851 1871 etiam

602 1910 981 2012 pertinent
1027 1935 1196 2012 quae
1242 1912 1485 1988 scriba
1530 1910 1836 2012 quidam
1885 1911 2032 1988 ΧΠ
2085 1911 2456 2014 dynastiae
2505 1913 2595 1991 de
2645 1913 2850 2015 peri-

603 2027 796 2105 culis
851 2029 1081 2131 hujus
1126 2031 1313 2107 artis
1370 2028 1763 2107 denuntiat
1832 2055 1850 2106 ε
1921 2056 1958 2101 <
2004 2029 2168 2106 Tibi
2226 2029 2391 2107 dico
2482 2031 2850 2133 quomodo

602 2147 935 2250 piscator
1002 2148 1247 2250 magis
1303 2148 1597 2227 laborat
1654 2172 1884 2249 quam
1937 2149 2225 2250 quaevis
2276 2150 2428 2227 alia
2469 2174 2624 2245 arS,
2682 2176 2854 2252 quae

600 2292 754 2343 non
808 2266 1108 2344 laborat
1138 2269 1216 2343 in
1253 2267 1592 2347 flumine.
1642 2310 1741 2325 —
1781 2267 1999 2343 Vivit
2037 2267 2235 2344 inter
2272 2268 2716 2346 crocodilos
2742 2315 2849 2325 —

604 2383 683 2462 Si
736 2385 946 2463 densi
998 2385 1268 2463 calami
1321 2386 1656 2463 evadunt
1728 2388 1866 2464 sub
1922 2387 2088 2488 ejus
2152 2386 2372 2489 pede,
2407 2390 2514 2464 'et
2557 2387 2623 2463 si
2687 2413 2850 2465 cro-

603 2504 884 2581 codilus
912 2504 1151 2581 adest.
1182 2549 1285 2562 —
1322 2506 1651 2582 Frustra
1678 2504 2051 2582 auxilium
2079 2505 2344 2608 poscit.
2389 2550 2492 2565 —-
2529 2508 2851 2583 Terrore

600 2628 936 2701 coecatur
986 2620 1131 2727 (4).
1192 2632 1195 2635 ’
2062 2724 2068 2727 Α

706 2743 980 2822 Cetera
1020 2743 1344 2848 AEgypti
1386 2745 1735 2842 artificia,
1796 2770 1966 2848 quae
2022 2745 2253 2822 etiam
2311 2745 2847 2827 detrimentum

595 2887 922 2964 passura
976 2888 1141 2940 esse
1199 2863 1485 2966 profert
1547 2865 1824 2962 IsaiaS,
1884 2867 2047 2970 ipse
2110 2867 2484 2969 propheta
2540 2871 2847 2972 penitus

595 2983 842 3058 novit.
924 2983 1182 3061 Unum
1271 2985 1701 3085 praesertim
1768 2989 1983 3062 notat
2062 2987 2257 3085 quod
2318 2985 2840 3088 elanguescet‚

597 3099 892 3177 cultum
923 3122 1190 3205 nempe
1206 3101 1339 3178 lini
1367 3106 1445 3180 et
1472 3108 1714 3189 artem
1742 3128 2033 3206 pannos
2064 3104 2377 3183 subtiles
2406 3130 2500 3183 ex
2529 3107 2848 3184 candido

592 3217 748 3295 lino
781 3220 1134 3298 texendi:
1181 3249 1216 3293 ‹
1253 3220 1837 3299 Confundentur
1867 3222 1992 3323 qui
2023 3224 2534 3324 operabantur
2571 3224 2841 3320 linum,

597 3342 984 3440 pectentes
1035 3341 1111 3417 et
1161 3344 1507 3417 texentes
1560 3340 1864 3417 subtilia
1902 3340 2051 3445 (5).
2097 3372 2133 3416 >›
2186 3340 2386 3419 Huic
2436 3342 2638 3420 enim
2691 3344 2846 3421 cul-

597 3461 793 3533 turae
845 3462 1007 3535 tota
1059 3459 1456 3561 AEgyptus
1495 3457 2035 3537 incumbebat:
2093 3460 2424 3562 primum
2478 3485 2841 3540 necessa-

599 3574 715 3652 ria
774 3580 941 3653 erat
1008 3580 1095 3653 ut
1150 3576 1703 3655 fabricarentur
1763 3577 2000 3656 lintea
2057 3587 2135 3657 et
2189 3578 2427 3675 vittae,
2490 3605 2659 3682 quae
2714 3580 2842 3658 in-

598 3696 992 3776 volvendis
1031 3696 1722 3800 conservandisque
1760 3698 2251 3777 cadaveribus
2299 3699 2839 3799 inserviebant,

658 3954 740 4017 (1)
770 3953 920 4004 Inter
950 3953 1133 4026 varios
1159 3953 1311 4005 cibos
1344 3953 1545 4019 quibus
1574 3958 1804 4005 utuntur
1830 3956 2110 4022 AEgyptii,
2139 3957 2317 4024 pisces
2350 3963 2644 4009 enumerat
2671 3957 2846 4008 Hero-

599 4027 779 4092 dotus,
808 4029 1007 4094 quibus
1035 4030 1364 4080 exenteratia
1384 4035 1596 4080 tantum
1623 4036 1680 4079 et
1699 4029 1767 4079 ad
1791 4030 1965 4081 solem
1990 4031 2277 4083 exsiccatis
2303 4031 2553 4083 nonnulli
2576 4031 2852 4083 victitant.

598 4105 805 4156 Histor.
833 4104 928 4154 lib.
959 4105 1078 4170 11,5
1107 4119 1232 4156 κου.

663 4193 733 4255 (Ξ)
765 4208 793 4239 (ι
816 4195 842 4242 4
873 4191 1029 4241 Avril
1064 4195 1269 4244 1890....
1310 4192 1444 4242 Plus
1474 4191 1539 4242 de
1565 4192 1762 4243 viando
1790 4192 1856 4242 da
1887 4193 2044 4244 Siout
2070 4209 2167 4244 aur
2194 4194 2245 4245 le
2291 4194 2513 4245 batean!
2565 4194 2705 4244 Rieu
2741 4209 2848 4260 que

599 4267 694 4318 des
721 4267 971 4333 poissona
1009 4267 1080 4318 du
1119 4267 1211 4317 Nil
1241 4267 1450 4338 sochen,
1487 4282 1696 4319 comme
1734 4284 1803 4319 on
1842 4285 1909 4320 en
1936 4270 2068 4320 offro
2093 4273 2126 4321 a
2155 4272 2366 4337 chaque
2397 4271 2599 4321 station
2632 4297 2655 4308 ·
2685 4269 2848 4322 eheu!

598 4343 725 4409 quel
757 4341 1000 4395 careme!
1025 4368 1051 4381 -
1075 4357 1177 4394 aux
1218 4344 1514 4409 Egyptiens
1551 4345 1646 4410 qui
1676 4360 1742 4396 en
1775 4345 1892 4398 font
1921 4346 2071 4397 leurs
2106 4348 2282 4398 choux
2315 4362 2573 4412 gras...»
2609 4344 2848 4398 Journal

599 4422 666 4475 de
694 4436 915 4490 voyaqe.

662 4512 744 4575 (3)
768 4511 1018 4571 Kassa,
1049 4512 1311 4575 AEqypten
1346 4508 1485 4560 eiust
1512 4510 1624 4561 und
1642 4509 1803 4574 J'etzt,
1834 4525 1888 4576 p.
1918 4513 1991 4563 ¹5.

661 4598 738 4661 (ι)
768 4597 1047 4657 Miseno,
1071 4583 1159 4649 'Du
1181 4609 1343 4662 qenre
1372 4595 1674 4660 &pistolaire
1693 4597 1814 4650 chez
1842 4598 1913 4650 les
1942 4598 2155 4651 anciens
2179 4597 2494 4663 quptiens.

665 4686 735 4751 (5)
767 4687 858 4747 Is,
881 4701 994 4750 xix,
1017 4688 1065 4736 9.
