3719 5650
1663 716 2142 780 —1o-

770 866 1113 946 invenire
1186 874 1301 947 est
1369 871 1703 967 oracula,
1797 898 1967 975 quae
2053 896 2203 949 non
2271 870 2430 975 jam
2508 895 2679 948 cum
2749 867 3020 972 populo

775 985 1036 1083 elect0,
1094 989 1223 1066 sed
1279 1015 1450 1067 cum
1506 991 1838 1069 externis
1887 991 2237 1094 gentibus
2279 995 2549 1092 agunt.
2601 990 2821 1069 Unde
2864 1014 3023 1066 me-

773 1104 921 1181 rito
992 1105 1267 1208 triplex
1342 1109 1712 1211 objectiva
1800 1109 2376 1212 prophetiarum
2469 1134 2712 1212 genus
2803 1108 3018 1185 nobis

773 1230 1114 1323 apparet,
1164 1251 1330 1327 quae
1374 1252 1636 1330 nempe
1659 1228 2018 1329 judaicae,
2064 1228 2530 1306 messianicae
2575 1232 2652 1305 et
2703 1226 3022 1304 ethnicae

774 1342 1032 1417 vocari
1070 1352 1419 1445 possunt.
1806 1432 1813 1439 ,
2752 1416 2758 1425 .

878 1460 1057 1537 Istae
1108 1488 1290 1540 vero
1360 1464 1677 1559 ultimae,
1739 1465 1833 1542 de
1888 1465 2158 1567 quibus
2218 1465 2432 1543 nobis
2500 1464 3021 1543 disserendum

772 1576 946 1673 erit,
982 1580 1355 1680 peculiare
1395 1584 1670 1685 saepius
1710 1608 2014 1679 nomen,
2059 1584 2281 1686 plane
2320 1583 2934 1686 significativum,
2968 1610 3015 1661 a

773 1702 1035 1773 sancto
1066 1698 1530 1802 Hieronymo
1558 1706 2032 1804 acceperunt,
2068 1706 2333 1777 oneris
2364 1726 2632 1803 nempe
2661 1700 3008 1792 titulum,

775 1815 904 1917 qui
940 1818 1278 1920 ipsarum
1308 1824 1603 1897 naturae
1632 1828 1707 1897 et
1736 1823 1850 1923 obj
1866 1827 2029 1899 ecto
2054 1820 2383 1923 perfecte
2410 1820 2814 1897 concordat
2838 1818 2956 1924 (l)
2991 1847 3011 1898 ι

786 1966 817 2004 «
870 1935 1212 2013 Verbum
1300 1938 1736 2016 hebraicum
1805 1948 1955 2030 »ΨΦ
2011 1939 2134 2016 vel
2192 1964 2430 2031 onus„
2515 1940 2639 2015 vel
2723 1938 3018 2039 pondus

775 2053 1090 2157 intelligi
1156 2063 1444 2159 potest,
1519 2065 1595 2136 et
1658 2059 2114 2160 ubicumque
2189 2057 2683 2160 praepositum
2740 2056 3013 2150 fuerit,

773 2173 1150 2251 minarum
1179 2176 1405 2277 plena
1445 2184 1624 2255 sunt
1661 2205 1829 2281 quae
1862 2179 2252 2272 dicuntur;
2291 2176 2486 2254 unde
2526 2176 2760 2253 miror
2800 2176 3016 2253 LXX

774 2293 1270 2372 translatores
1296 2298 1373 2371 in
1397 2322 1478 2374 re
1507 2298 1712 2375 tristi
1741 2298 2068 2375 voluisse
2095 2322 2371 2400 ponere
2395 2296 2766 2373 visionem
2782 2295 2932 2401 (2).
2975 2328 3011 2371 >

882 2539 979 2614 II.
1042 2584 1145 2595 —
1204 2539 1656 2641 Prophetias
1696 2540 1937 2642 igitur
1980 2545 2246 2617 contra
2281 2540 2562 2617 Gentes
2602 2539 3007 2635 evolventi,

775 2654 1215 2757 priusquam
1268 2683 1534 2734 earum
1603 2660 1875 2736 seriem
1942 2664 2299 2761 exponat,
2371 2684 2660 2736 necnon
2727 2683 2852 2736 eas
2916 2659 3013 2737 ad

775 2775 1130 2854 effectum
1167 2779 1529 2858 adductas
1563 2805 1733 2858 esse
1773 2782 2266 2877 demonstret,
2312 2783 2644 2860 occurrit
2691 2784 3011 2885 quaestio

776 2895 868 2972 de
903 2896 1198 2975 ratione
1234 2898 1508 2976 horum
1547 2901 1885 2978 Onerum
1926 2901 2308 3003 agitanda.
2352 2902 2555 2978 Dum
2591 2902 2792 2978 enim
2829 2927 3010 3004 pro-

776 3015 1025 3117 phetae
1111 3022 1475 3119 tanquam
1548 3019 2015 3096 excubitores
2096 3026 2525 3122 apparent‚·
2581 3022 2710 3122 qui
2789 3046 3014 3123 super

771 3134 1190 3212 Jerusalem
1226 3136 1528 3238 vigilias
1568 3144 1836 3238 agunt,
1894 3143 2027 3214 aut
2065 3140 2156 3216 de
2192 3144 2403 3216 turre
2437 3139 2660 3242 longe
2711 3140 3012 3242 prospi-

774 3253 1065 3329 cientes
1110 3258 1375 3331 contra
1426 3255 1828 3332 imminens
1888 3257 2309 3358 periculum
2366 3258 2608 3359 ipsam
2671 3261 3007 3351 monent,

773 3374 910 3447 aut
938 3397 1073 3473 per
1101 3396 1378 3472 pascua
1406 3373 1617 3450 velut
1655 3399 1874 3451 ovem
1901 3375 2140 3453 Israel
2173 3376 2486 3471 ducunt,
2524 3380 2600 3452 et
2636 3375 3011 3452 infidelem

774 3491 1137 3593 populum
1183 3518 1315 3593 per
1352 3494 1596 3570 minas
1635 3501 1709 3571 et
1749 3495 2121 3596 promissa
2158 3495 2251 3571 ad
2289 3494 2674 3571 meliorem
2713 3493 3012 3596 frugem

772 3614 1163 3704 revocant,
1223 3637 1375 3687 una
1429 3636 1617 3688 voce
1663 3614 1757 3688 ad
1817 3613 2180 3715 populum
2231 3612 2552 3689 electum
2614 3613 3014 3715 ipsumque

833 3799 913 3862 (1)
949 3798 1024 3847 De
1055 3813 1182 3848 vero
1227 3815 1388 3850 sensu
1431 3800 1579 3850 vocis
1626 3789 1774 3871 Νζιῒῗὲ
1821 3803 1876 3851 in
1920 3803 2097 3853 titulis
2136 3802 2488 3853 oraculorum
2531 3818 2636 3852 non
2682 3802 3017 3851 concordant

768 3889 1037 3933 auctores.
1083 3883 1194 3931 Alii
1249 3899 1442 3948 nempe
1487 3884 1554 3933 de
1595 3899 1744 3933 mero
1792 3883 1955 3932 effato
2012 3890 2067 3933 et
2110 3884 2176 3932 de
2223 3883 2461 3948 simplici
2514 3883 2788 3933 sententia
2825 3897 3011 3932 vocem

767 3959 923 4007 illam
982 3957 1417 4022 interpretantur
1463 3959 1792 4020 (essemus,
1856 3959 2187 4019 ThesauruS,
2246 3959 2317 4008 ad
2379 3959 2481 4007 hoc
2542 3957 2808 4021 verbum)
2862 3959 3010 4008 Rec-

766 4039 875 4087 tius
906 4045 1087 4087 tamen
1125 4053 1248 4087 cum
1293 4039 1541 4089 versione
1592 4038 1925 4100 Chaldaica,
1960 4039 2184 4102 Syriaca
2224 4047 2278 4088 et
2327 4039 2572 4103 Aquilae,
2604 4041 2826 4090 verbum
2861 4030 3012 4112 Μᾷζ-’ὶ

761 4131 907 4180 Onus
926 4127 1249 4191 explicatur,
1268 4128 1425 4193 cujus
1447 4128 1595 4178 notio
1616 4127 1902 4192 colligitur
1925 4130 2198 4192 praecipue
2221 4143 2282 4177 ex
2307 4128 2353 4176 11
2379 4128 2624 4187 Rsso.,1x,
2643 4133 2726 4190 25,
2744 4126 2835 4176 ubi
2859 4141 3018 4174 usur-

764 4215 927 4272 patur
956 4205 1022 4255 de
1058 4207 1277 4256 decreto
1308 4207 1494 4258 divino
1519 4217 1707 4257 contra
1730 4208 1953 4257 Achab:
1989 4209 2100 4282 Πξζὶ
2138 4198 2464 4280 ΧζαᾭῦἿἹξ
2507 4195 2636 4281 ἰ’ἶᾶξ
2668 4197 2804 4279 &ly-2
2841 4197 3013 4276 ΠᾎΠἾ

759 4297 1017 4346 Divinum
1048 4297 1196 4346 enim
1241 4297 1465 4347 effatum
1507 4306 1768 4361 tanquam
1814 4310 1953 4345 onus
1993 4310 2156 4357 grave
2200 4295 2254 4342 in
2300 4293 2458 4341 illum
2499 4292 2798 4348 incumbit,
2847 4304 3010 4354 quem

756 4371 1004 4420 Jehovah
1032 4377 1143 4420 toto
1168 4386 1266 4421 suo
1302 4372 1542 4436 pondere
1573 4372 1789 4435 premit.
1826 4370 1907 4422 Cs.
1938 4370 2119 4430 1v<11)
2147 4370 2304 4427 Κεφ,
2329 4384 2384 4426 v,
2413 4373 2500 4428 172
2525 4382 2639 4431 vm,
2673 4374 2730 4426 9;
2755 4367 2821 4417 11.
2855 4367 3008 4426 Gna„

754 4461 923 4508 xxxV,
958 4452 1016 4506 33
1057 4445 1149 4508 Is,
1178 4461 1331 4498 xcvi.
1372 4450 1428 4506 1,
1461 4455 1627 4495 etc....
1680 4446 1772 4495 ubi
1815 4445 1916 4494 sub
1957 4445 2058 4493 hac
2098 4458 2224 4492 voce
2277 4441 2561 4493 oraculum
2605 4441 2896 4491 molestum
2943 4454 3008 4489 ac

756 4521 940 4569 minax
972 4519 1270 4571 invenitur.
1298 4521 1380 4569 Ita
1416 4522 1866 4576 anosmnnnac,
1909 4518 2270 4582 christoloqie,
2302 4525 2432 4566 tom.
2464 4517 2531 4578 II,
2566 4532 2618 4581 p.
2649 4519 2758 4567 102.

815 4612 891 4674 (Ξ)
925 4609 979 4660 S.
1012 4609 1263 4666 Rumon„
1291 4609 1543 4673 Proloyus
1566 4610 1637 4660 acl
1666 4611 1800 4660 Hah.
1832 4612 1880 4660 et
1928 4610 1998 4660 ad
2024 4609 2112 4672 IS„
2141 4622 2256 4668 xm,
2284 4611 2328 4655 1.
