3719 5650
1661 738 2144 803 -70-

778 894 1097 990 nebant,
1176 918 1314 969 nec
1387 891 1623 970 ullius
1700 917 1881 969 sane
1959 895 2319 971 momenti
2401 895 2776 971 ducebant
2865 891 3016 999 (l).

778 1013 1005 1090 Hunc
1044 1016 1561 1116 contemptum
1613 1011 2043 1089 Herodotus
2085 1038 2181 1089 ex
2219 1013 2479 1089 infima
2516 1011 2817 1091 Amasis
2854 1012 3019 1090 ori-

780 1131 961 1234 gine
1033 1133 1399 1235 explicat‚
1475 1137 1887 1233 narratque
1972 1156 2127 1233 qua
2197 1130 2455 1211 fabula
2546 1129 3025 1208 subditorum

777 1251 1024 1328 odium
1087 1250 1404 1329 solerter
1441 1250 1925 1328 exstinxerit.
1983 1250 2122 1328 His
2170 1255 2424 1330 autem
2477 1249 3025 1353 AEgyptiorum

773 1369 1049 1449 animis
1081 1370 1611 1472 comprobatur
1639 1369 1975 1462 modum,
2022 1393 2168 1469 quo
2199 1368 2277 1446 in
2302 1393 2559 1471 regem
2590 1368 2872 1447 electus
2911 1372 3027 1446 est

769 1488 1101 1582 AmasiS,
1166 1488 1361 1591 plebi
1429 1513 1577 1565 non
1643 1486 2040 1590 placuisse.
2106 1486 2768 1564 Verisimillimum
2843 1510 3024 1589 ergo

768 1610 1086 1707 apparet
1115 1604 1433 1682 Amasin
1470 1629 1516 1681 a
1552 1605 2251 1682 Nabuchodonosor
2288 1605 2727 1683 institutum
2755 1605 3018 1700 tuisse,

770 1723 895 1828 (ut
940 1725 1140 1826 apud
1192 1722 1927 1827 Hierosolymitanos
1967 1722 2385 1829 Sedecias)‚
2436 1728 2573 1803 aut
2610 1734 2836 1802 antea
2861 1724 3025 1827 jam

774 1844 1242 1941 institutum,
1286 1845 1559 1922 dehinc
1596 1847 1688 1923 ab
1734 1846 1998 1922 eodem
2055 1845 2472 1924 stabilitum
2515 1851 2592 1924 et
2644 1845 2720 1922 in
2773 1846 3027 1923 tribu-

774 1965 1057 2043 tarium
1095 1970 1571 2068 assumptum
1610 1965 1883 2044 fuisse.
2824 2038 2830 2043 .

919 2083 1435 2161 Nihilominus
1509 2084 1958 2188 babylonica
2027 2089 2551 2181 monumenta,
2645 2083 2790 2164 etsi
2876 2107 3028 2161 non

776 2203 1031 2282 verbis
1078 2202 1188 2280 ita
1224 2203 1606 2306 expressis
1646 2208 1877 2305 atque
1911 2202 2231 2281 Flavius
2275 2204 2691 2307 Josephus,
2741 2200 3028 2281 factum

781 2322 949 2425 ipsa
975 2326 1381 2403 testantur.
1419 2323 1594 2399 Duo
1621 2347 1897 2426 nempe
1925 2322 2354 2426 babylonici
2391 2322 2712 2426 cylindri
2747 2321 3030 2400 bellum
3139 2349 3144 2353 ·

780 2467 826 2519 a
862 2442 1564 2520 Nabuchodonosor
1602 2441 1678 2517 in
1721 2441 2010 2544 Aprien
2048 2440 2286 2519 latum
2329 2442 2711 2541 referunt3
2759 2466 3030 2545 aegyp·-

777 2563 982 2639 tiaca
1036 2563 1358 2663 quadam
1422 2560 1922 2664 inscriptione
1971 2561 2455 2639 illustrantur
2511 2568 2590 2642 et
2663 2563 3030 2664 utrinque

778 2679 1216 2756 nominatur
1259 2679 1558 2781 Aprics,
1618 2679 1932 2757 Primus
1984 2680 2444 2784 aegyptiacas
2510 2679 2794 2784 effigies
2855 2704 3031 2757 cum

780 2797 1016 2902 signis
1054 2796 1639 2903 hieroglyphicis
1684 2798 1972 2905 profert
2011 2798 2159 2907 (2).
2203 2800 2421 2880 Alius
2460 2801 2848 2905 cylindrus
2885 2802 3031 2879 ho-

781 2918 1066 2996 minem
1112 2918 1358 3020 pingit
1402 2943 1573 2997 cum
1609 2919 1823 2998 leone
1867 2925 2335 3024 pugnantem
2365 2919 2515 3026 (3).
2559 2923 2803 3000 Ambo
2852 2946 3032 2999 vero

846 3085 914 3146 (1)
952 3083 1251 3147 Ηειιουοτ.,
1272 3084 1497 3149 Hister„
1527 3084 1621 3134 lib.
1654 3086 1720 3149 11,
1752 3086 1778 3150 5
1810 3089 1920 3138 Π2.

848 3173 925 3237 (2)
980 3173 1148 3228 Quem
1197 3172 1249 3221 J.
1298 3171 1522 3221 Metuant
1581 3172 1743 3237 plane
1795 3172 2095 3238 descripsit
2140 3180 2195 3224 et
2252 3172 2544 3239 explicavit
2582 3173 2733 3223 hisce
2776 3174 2958 3223 verbis
3017 3186 3030 3217 ε

790 3267 816 3294 α
848 3249 985 3298 C'est
1018 3263 1090 3297 un
1115 3246 1360 3310 cylindre
1388 3247 1600 3311 d'agate
1620 3285 1633 3304 ,
1665 3246 2206 3299 malheureueement
2238 3248 2348 3300 sort
2379 3246 2492 3297 mal
2526 3251 2869 3299 πυκινὰ...
2897 3247 2977 3298 On
2999 3262 3035 3311 y

783 3323 1062 3388 distingue
1092 3336 1288 3372 encore
1323 3338 1396 3372 un
1437 3336 1778 3387 personnage
1811 3323 2032 3383 debout,
2066 3324 2200 3373 dans
2241 3324 2293 3375 le
2328 3331 2575 3375 coetume
2610 3323 2886 3388 aaayrien,
2925 3338 3035 3373 une

786 3396 937 3448 main
972 3397 1152 3446 elevee
1191 3397 1327 3447 dane
1364 3396 1418 3446 la
1451 3412 1577 3463 pose
1608 3397 2025 3447 traditionnelle
2059 3398 2127 3448 de
2173 3399 2515 3450 l'adoration.
2558 3397 2814 3448 Derriere
2853 3396 2932 3449 lui
2963 3413 3032 3450 on

784 3474 1033 3540 apercoit
1063 3488 1136 3522 un
1177 3475 1347 3536 cinge,
1381 3471 1505 3536 puis
1545 3488 1617 3522 un
1657 3473 1878 3522 homme
1912 3472 2039 3538 qui,
2074 3473 2128 3523 la
2161 3475 2271 3524 tete
2306 3475 2533 3524 tournee
2564 3487 2689 3523 vera
2723 3473 2820 3533 lui,
2853 3474 3036 3538 parait

785 3551 1041 3602 mat-cher
1072 3551 1206 3601 dane
1243 3566 1313 3600 un
1345 3565 1470 3600 eene
1506 3553 1727 3616 oppose.
1761 3550 1910 3600 Dana
1957 3550 2007 3600 le
2047 3550 2266 3616 champ‚
2297 3566 2364 3601 en
2396 3551 2550 3613 haut,
2587 3557 2740 3599 entre
2771 3548 2852 3599 lea
2893 3550 3036 3599 tetes

787 3629 883 3678 des
927 3639 1293 3692 personnagee
1341 3625 1479 3675 deux
1520 3626 1666 3675 croix
1716 3628 1927 3676 aneees.
1981 3626 2057 3675 De
2097 3626 2292 3676 l’autre
2339 3626 2458 3676 cote
2495 3625 2561 3674 de
2603 3623 2659 3674 la
2691 3637 2936 3683 caesura,
2965 3637 3034 3673 on

788 3703 903 3752 voit
945 3699 1267 3749 l’extremite
1314 3698 1615 3749 interieure
1651 3700 1779 3749 d’un
1815 3699 2068 3750 individu
2108 3700 2241 3750 dont
2282 3700 2321 3749 il
2366 3715 2432 3749 ne
2470 3704 2613 3749 reate
2648 3698 2773 3763 plue
2815 3712 2921 3762 que
2956 3697 3037 3749 lea

788 3775 946 3842 piede
973 3781 1030 3822 et
1059 3774 1107 3823 le
1144 3773 1238 3821 baa
1258 3772 1324 3821 de
1353 3773 1407 3824 la
1433 3773 1580 3837 robe;
1608 3773 1748 3822 mais
1782 3773 1903 3824 cela
1929 3774 2081 3825 suffit
2100 3789 2239 3839 pour
2264 3774 2611 3825 reconnaitre
2648 3789 2719 3823 un
2742 3759 3037 3839 Iilgyptien.

788 3852 838 3900 A
860 3863 950 3898 eea
980 3847 1136 3911 pieda
1165 3861 1232 3895 on
1266 3845 1545 3910 distingue
1578 3862 1649 3896 un
1685 3847 1954 3912 epervier‚
1990 3850 2039 3898 le
2071 3848 2294 3898 dernier
2321 3848 2478 3912 aigne
2508 3847 2672 3898 d’une
2707 3847 3035 3914 inecription

790 3940 856 3975 en
892 3924 1198 3974 caracteres
1245 3920 1732 3987 hieroglyphiquee
1762 3923 1856 3986 qui
1893 3938 1926 3973 a
1959 3923 2205 3989 disparu.
2242 3923 2409 3975 Entre
2443 3924 2524 3974 lea
2563 3937 2935 3989 personnagee
2968 3936 3036 3973 on

788 4007 976 4050 trouve
1000 3995 1140 4046 deux
1162 3994 1337 4058 lignes
1362 3993 1646 4045 d'ecriture
1665 4011 1731 4044 en
1752 3999 2061 4047 caracteres
2089 3997 2458 4048 cuneisormea
2481 3998 2555 4047 du
2584 3998 2721 4062 style
2738 3999 3040 4063 archaique

790 4075 858 4124 de
888 4071 1184 4135 Babylone,
1213 4076 1270 4119 et
1300 4070 1437 4120 dane
1468 4070 1517 4119 le
1548 4071 1776 4135 champ,
1800 4079 1956 4122 entre
1987 4073 2067 4123 lee
2103 4073 2460 4139 inscriptione
2489 4080 2545 4124 et
2567 4073 2620 4123 le
2648 4074 2891 4138 premier
2917 4088 3042 4139 per-

788 4160 1052 4210 sonage,
1086 4161 1158 4195 un
1187 4146 1483 4196 cartouche
1516 4148 1608 4210 eg)
1623 4147 1771 4211 ptien
1813 4151 2097 4199 eui-monte
2146 4148 2272 4200 d'un
2310 4148 2482 4213 aigle3
2529 4164 2597 4200 en
2646 4152 2783 4201 haut
2820 4151 2876 4200 la
2892 4151 3043 4201 croix

790 4227 1040 4276 ansee....
1088 4223 1168 4271 La
1197 4222 1468 4287 premiere
1505 4222 1653 4285 ligne
1685 4223 1757 4273 du
1798 4228 1938 4273 texte
1967 4226 2210 4296 assyrien
2252 4224 2390 4276 n'eat
2430 4240 2526 4292 pas
2567 4225 2872 4291 complete3
2907 4240 2978 4277 on
3007 4242 3043 4291 y

789 4297 859 4347 lit
883 4297 965 4346 lea
984 4294 1119 4345 troie
1148 4295 1415 4359 premiere
1444 4295 1629 4359 signe·
1653 4296 1725 4345 du
1753 4312 1879 4346 nom
1912 4312 2110 4364 propre
2135 4292 2412 4360 Kariri...{
2438 4300 2580 4350 maie
2606 4299 2660 4349 la
2681 4300 2754 4350 flu
2778 4314 3040 4366 manque,

790 4372 846 4423 la
874 4370 1108 4421 reconde
1146 4369 1295 4432 ligne
1325 4385 1462 4419 noue
1495 4371 1674 4421 donne
1711 4373 2083 4434 Noram-Bia,
2120 4372 2515 4424 litteralement
2551 4374 2694 4425 celui
2732 4376 2824 4441 qui
2873 4375 3040 4426 adore

791 4447 936 4571 Βὶτὶὃ
955 4444 1288 4568 Γῖιάοηιοιιι·
1319 4445 1391 4494 du
1425 4444 1563 4495 Dieu
1606 4446 1728 4497 Bia.
1753 4450 1996 4500 »·Notice
2026 4462 2126 4500 sur
2154 4450 2397 4515 quelques
2424 4451 2695 4516 cylindres
2727 4451 3038 4512 orientum,

797 4535 850 4584 p.
942 4557 956 4581 ,
1050 4557 1062 4568 .

853 4612 924 4671 (3)
950 4607 1317 4668 Ψικυεωκκ,
1342 4609 1759 4680 Nebucadnezar
1795 4610 1909 4661 und
1944 4613 2202 4676 AEqypeen
2243 4612 2297 4662 in
2337 4613 2666 4685 Zejtschrist,
2695 4615 2836 4675 1878,
2877 4628 2929 4678 p.
2959 4617 3038 4665 89.
