3719 5650
1485 694 2029 760 -133—

742 849 973 927 Sexta
1031 847 1386 925 columna
1443 847 1909 925 evolvuntur
1974 848 2123 925 alia
2183 847 2543 951 praesidia
2608 847 2880 950 quibus

634 965 1321 1045 Nabuchodonosor
1376 968 1643 1045 urbem
1693 967 2056 1063 munivit,
2120 966 2381 1065 fossae,
2450 992 2625 1044 cum
2689 969 2883 1045 mari

635 1088 956 1189 quodam
1012 1092 1497 1189 comparatae,
1557 1086 1828 1188 quibus
1881 1087 2544 1190 praecludebantur
2595 1085 2878 1166 aditus.

635 1206 970 1307 Septima
1007 1206 1360 1284 columna
1405 1205 1640 1284 refert
1687 1207 2130 1310 praeclaram
2176 1207 2413 1284 aedem
2463 1231 2690 1309 quam
2746 1207 2886 1285 sibi

634 1326 1166 1403 aedificaverat.
1215 1327 1327 1403 De
1377 1323 1469 1402 iis
1520 1329 1853 1403 ceterum
1897 1326 2320 1428 magnificis
2374 1326 2886 1404 monumentis

634 1445 713 1522 in
749 1443 1127 1548 plerisque
1165 1445 1509 1547 ejusdem
1554 1445 1753 1546 regis
1793 1444 2412 1546 inscriptionibus
2449 1443 2732 1546 agitur.

743 1710 837 1786 L.
898 1752 1003 1765 -
1054 1709 1168 1785 Ea
1218 1713 1384 1785 erat
1437 1709 1617 1786 urbs
1674 1712 1751 1785 et
1801 1712 2161 1812 potestaS,
2216 1708 2435 1810 cujus
2498 1709 2886 1811 prophetae

636 1826 936 1905 ruinam
958 1825 1080 1904 vel
1105 1851 1462 1904 occasum
1490 1832 1672 1904 tunc
1696 1827 2244 1922 vaticinantur,
2282 1852 2519 1929 quum
2550 1828 2645 1904 ad
2676 1852 2889 1904 sum·

635 1971 846 2024 mum
902 1945 1325 2048 splendoris
1375 1944 1767 2049 fastigium
1816 1946 2270 2024 eveheretur
2316 1949 2452 2022 aut
2495 1948 2660 2047 jam
2716 1972 2889 2050 per-

635 2067 993 2145 venisset.
1053 2065 1294 2142 Isaias
1342 2090 1642 2168 nempe,
1698 2090 1934 2168 quum
1980 2065 2354 2168 Babylon,
2413 2066 2660 2143 adhuc
2702 2091 2886 2168 erga

633 2182 1378 2289 hierosolymitanam
1444 2188 1899 2287 potestatem
1953 2183 2311 2286 benigna,
2346 2183 2488 2262 toti
2546 2185 2886 2262 occiden-

639 2304 775 2382 tali
827 2304 1068 2400 Asiae,
1118 2304 1382 2382 fictitio
1423 2304 1726 2406 quidem
1773 2304 2026 2401 titulo,
2080 2329 2232 2382 non
2263 2307 2429 2407 jam
2470 2330 2585 2402 re,
2639 2307 2888 2383 domi-

639 2427 885 2518 natur,
909 2421 1258 2500 futurum
1287 2423 1658 2525 praevidet
1678 2423 2108 2526 imperium,
2129 2425 2246 2526 cuj
2260 2449 2349 2500 us
2372 2449 2563 2527 apex
2587 2423 2891 2526 signum

647 2567 962 2620 occasus
988 2566 1169 2618 mox
1199 2542 1359 2619 fiet.
1391 2543 1606 2619 Tunc
1631 2543 1677 2619 J
1681 2541 2038 2637 eremias,
2067 2566 2154 2618 eo
2180 2540 2344 2643 ipso
2376 2548 2715 2644 tempore
2745 2567 2890 2643 quo

642 2659 980 2765 Babylon
1022 2685 1495 2763 summopere
1531 2660 1876 2756 florebat,
1902 2659 2327 2762 proximam
2358 2659 2696 2737 minatur
2731 2659 2893 2737 rui-

641 2805 849 2858 nam.
901 2780 1100 2866 Quia
1135 2785 1390 2859 autem
1428 2780 1547 2858 hae
1586 2779 2000 2885 prophetiae
2032 2778 2373 2882 singulas
2415 2805 2535 2858 res
2572 2779 2892 2884 carptim

640 2899 1035 2995 evolvunt,
1068 2900 1269 2977 omni
1314 2926 1452 3003 ope
1488 2905 1714 3003 atque
1756 2925 1984 3003 opera
2009 2899 2365 2977 nituntur
2393 2898 2888 2984 rationalistae

640 3022 729 3095 ut
757 3043 887 3096 eas
919 3018 1135 3120 quasi
1176 3023 1351 3122 post
1379 3023 1741 3097 eventum
1781 3017 2106 3120 scriptas
2143 3015 2476 3095 habeant
2507 3014 2652 3123 (1).

746 3139 837 3215 In
917 3143 1077 3215 tres
1162 3145 1421 3242 partes
1504 3138 1954 3215 dividuntur
2027 3138 2443 3241 prophetiae
2519 3141 2892 3216 adversus

641 3255 1141 3360 Babylonem,
1173 3257 1423 3361 prouti
1453 3261 1609 3334 tres
1636 3258 1808 3360 ejus
1846 3255 2084 3352 viceS,
2131 3253 2211 3362 a)
2244 3261 2587 3358 paratam
2623 3279 2892 3359 nempe

644 3375 917 3453 excidii
951 3374 1474 3479 irruptionem,
1519 3373 1591 3481 b)
1625 3375 1837 3453 urbis
1880 3374 2367 3471 obsidionem,
2413 3373 2483 3480 c)
2512 3374 2891 3478 integram

643 3500 1029 3598 postremo
1070 3494 1404 3591 ruinam,
1448 3493 1893 3597 respiciunt.

750 3759 879 3836 LI.
941 3801 1045 3815 —-
1102 3755 1340 3833 Isaias
1391 3758 1467 3832 et
1513 3755 1883 3833 Jeremias
1931 3754 2190 3832 hostes
2237 3755 2606 3833 adversus
2643 3756 2896 3863 Baby-

638 3879 889 3955 lonem
939 3877 1432 3976 conjurantes
1482 3873 2000 3977 praenuntiant
2044 3897 2060 3952 :
2111 3902 2148 3946 ‹
2200 3875 2399 3952 Ecce
2452 3899 2591 3977 ego
2649 3876 2895 3953 susci-

640 3996 816 4073 tabo
857 4018 1081 4096 super
1120 4017 1248 4070 eos
1274 3993 1539 4071 Medos
1573 3991 1827 4100 (2)....
1868 3993 2084 4071 Sicut
2120 3993 2468 4072 turbines
2500 3995 2595 4071 ab
2632 3993 2893 4073 Africo

703 4198 771 4260 (ι)
809 4196 888 4248 Cf.
923 4196 1169 4254 Cunna,
1226 4193 1333 4248 The
1386 4194 1703 4262 prophecies
1744 4194 1813 4259 of
1845 4193 2054 4258 Isaiah,
2094 4192 2203 4244 vol.
2230 4193 2279 4258 1,
2325 4208 2377 4258 p.
2411 4198 2518 4254 ¹25,
2550 4198 2654 4246 ¹27.
2689 4223 2746 4234 —-
2782 4196 2897 4246 Nec

643 4272 819 4336 magi·
845 4271 1243 4321 recurrendum
1272 4277 1356 4320 est
1382 4269 1450 4320 ad
1490 4269 1630 4319 hanc
1662 4268 1948 4329 theoriam,
1994 4284 2102 4334 qua
2149 4268 2403 4318 nonnulli
2449 4276 2703 4320 auctores
2725 4277 2896 4323 totam

644 4351 800 4402 Isaiae
836 4350 1185 4415 prophetiam
1216 4354 1352 4410 (cst.
1378 4364 1494 4406 xm,
1523 4364 1639 4412 xrv,
1668 4348 1818 4410 xxi),
1866 4347 1935 4397 ad
1978 4346 2232 4412 Niniven,
2270 4346 2554 4410 prophetae
2592 4355 2902 4415 contempo-

643 4438 902 4567 ῧιιὲῗίοᾶῗέ
917 4424 1182 4564 rgsegiuqnt.
1216 4450 1276 4461 —
1296 4423 1375 4475 cf.
1403 4422 1680 4486 Bassi-01«,
1702 4421 1944 4474 Histoire
1972 4422 2214 4486 critique
2246 4420 2312 4470 de
2346 4420 2398 4472 la
2439 4420 2751 4475 litterature
2774 4438 2901 4489 pro-

712 4587 791 4650 (Ξ)
825 4587 917 4646 Is„
942 4601 1057 4641 xm.
1086 4588 1166 4636 17.
