3719 5650
1572 722 2063 785 ·-.-.11.-..

688 870 837 956 sit,
904 872 1105 944 inter
1186 874 1407 945 varia
1464 875 2063 967 prophetiarum
2137 895 2424 965 yenera
2487 895 2665 965 quoe
2721 873 2942 963 infra

676 1007 1317 1082 declarabuntur.
2874 987 2879 991 .

694 1182 699 1183 ⁷
800 1145 955 1217 Cur
1007 1152 1261 1219 autem
1299 1148 1753 1240 prophetias
1796 1150 2174 1221 adversus
2217 1149 2492 1221 Gentes
2532 1148 2946 1220 enuclean-

699 1278 842 1352 das
882 1283 1152 1374 potius
1209 1284 1697 1376 eleyerimuS,
1762 1284 2053 1376 triplex
2103 1285 2512 1376 praecipua
2562 1254 2764 1356 ratio
2816 1306 2947 1356 ex-

680 1416 970 1507 tplicat.
997 1458 1088 1469 —
1116 1420 1201 1521 A)
1251 1420 1540 1490 Veteris
1586 1420 2056 1491 Testamenti
2107 1421 2439 1511 coqnitio
2479 1443 2576 1492 eac
2617 1421 2949 1491 inventis

698 1553 1163 1644 oeyyptiacis
1244 1554 1822 1646 assyriacisque
1889 1555 2368 1627 documentis
2411 1555 2628 1627 ‘adeo
2716 1554 2944 1625 illus-

706 1691 913 1757 trata
954 1692 1067 1757 est
1118 1689 1409 1759 nostris
1455 1689 1949 1780 temporibus,
2003 1692 2089 1759 ut
2132 1710 2343 1781 soepe
2386 1689 2679 1781 soepius
2722 1689 2957 1780 quasi

704 1822 799 1893 de
864 1842 1054 1893 novo
1122 1822 1641 1895 instauranda
1705 1823 1858 1909 sit,·
1919 1823 2314 1916 imprimis
2373 1846 2548 1896 vero
2611 1826 2693 1895 in
2756 1846 2953 1915 pro-

699 1959 983 2048 phetas
1040 1958 1179 2049 qui
1227 1960 1330 2030 ad
1381 1960 1870 2051 assyriacam
1922 1965 1994 2031 et
2046 1960 2572 2053 babylonicam
2644 1966 2955 2032 oetatem

704 2094 1121 2183 pertinent,
1165 2099 1237 2164 et
1286 2093 1368 2163 in
1422 2117 1687 2167 eorum
1743 2101 2002 2166 textus
2065 2096 2343 2186 quibus
2397 2096 2671 2168 Gentes
2716 2096 2954 2186 impe-

712 2234 1010 2317 tuntur,
1061 2250 1437 2320 maynum
1475 2231 1751 2302 exinde
1798 2237 1870 2301 et
1907 2231 2394 2320 insperatum
2437 2231 2696 2301 lumen
2732 2231 2958 2322 diffu-

710 2386 887 2436 sum
931 2370 1073 2436 est.
1119 2405 1209 2415 -—
1250 2366 1335 2456 B)
1369 2366 1768 2437 Praeterea
1800 2366 2023 2437 nulla
2060 2370 2174 2435 est
2208 2368 2487 2455 forsan
2524 2365 2958 2457 Bibliorum

701 2516 900 2588 pars
962 2517 1139 2586 quae
1190 2497 1448 2588 mayis
1503 2498 2183 2570 rationalistarum
2242 2499 2960 2591 impuynationibus

716 2633 1073 2703 lacessita
1107 2632 1238 2713 sit,
1275 2633 1722 2723 praesertim
1767 2654 2009 2722 quum
2064 2656 2160 2705 eso
2205 2608 2700 2726 supradictis
2738 2636 2960 2727 adju-

714 2768 997 2840 mentis
1036 2768 1455 2841 debilitatae
1488 2790 1752 2841 eorum
1800 2770 2119 2843 theorice
2157 2771 2498 2863 sinqulis
2526 2775 2694 2862 fere
2730 2772 2960 2843 annis

714 2910 1174 2977 evanescunt
1239 2909 1309 2975 et
1386 2904 1568 2974 aliis
1638 2904 1892 2976 locum
1958 2907 2260 2991 cedunt,
2330 2906 2538 2976 brevi
2595 2906 2964 2977 similiter

713 3040 1115 3131 perituris.
1147 3080 1244 3090 —
1277 3040 1353 3129 C)
1380 3040 1688 3111 Accedit
1721 3041 2033 3112 demum
2064 3020 2474 3112 consilium
2515 3063 2647 3111 eas
2682 3039 2960 3112 coadu-

715 3176 958 3247 nandi
1011 3174 1498 3266 prophetias,
1572 3197 1770 3265 quas
1835 3175 2114 3247 nullibi
2176 3197 2329 3246 uno
2392 3176 2623 3266 quasi
2704 3181 2964 3244 tenore

719 3310 1247 3383 consideratas
1275 3296 1737 3394 invenimus,
1772 3317 1843 3380 et
1871 3311 2146 3382 exinde
2181 3314 2650 3381 momentum
2688 3331 2958 3379 earum

721 3448 1155 3539 synthetica
1205 3447 1749 3538 explanatione
1801 3447 2409 3521 demonstrandi.

818 3583 984 3654 Nec
1018 3603 1159 3653 nos
1197 3588 1536 3655 ceterum
1588 3583 1887 3673 fallunt
1948 3586 2269 3669 hujusce
2297 3584 2687 3674 propositi
2723 3584 2960 3680 impe-

702 3719 1103 3803 dimenta,
1169 3739 1499 3808 quorum
1566 3719 1719 3789 tria
1779 3718 2256 3810 ,orac-issima
2322 3720 2564 3808 fateri
2622 3718 2823 3791 libet.
2861 3757 2961 3769 —

722 3854 816 3948 A)
894 3854 1250 3924 Veterum
1323 3873 1576 3923 sacrce
1655 3853 2090 3943 Scripturce
2168 3854 2674 3945 interpretum
2750 3875 2961 3925 com-

723 3990 1145 4066 mentarios
1189 3989 1272 4059 in
1320 3996 1590 4060 nostra
1646 3990 2000 4074 materia,
2040 4010 2403 4080 prorsuS,
2454 3996 2539 4061 ut
2579 3991 2954 4074 dia-imus,

722 4131 1116 4215 renovata,
1178 4124 1463 4196 dire-cte
1517 4124 1914 4196 consulere
1970 4124 2105 4194 vix
2150 4125 2471 4214 prodest
2515 4146 2539 4194 .·
2583 4124 2712 4195 ubi
2755 4124 2959 4196 enim

726 4262 1187 4353 aliquandO,
1257 4281 1468 4351 soepe
1536 4259 1832 4350 soepius
1910 4258 2361 4349 infeliciter,
2444 4258 2954 4334 insudarunt.

727 4398 1102 4470 minimus
1175 4396 1397 4467 hodie
1454 4395 1875 4468 laterculus
1942 4395 2227 4466 nodum
2293 4393 2600 4484 eoepedit
2655 4398 2725 4464 et
2776 4392 2963 4463 olim

727 4538 1132 4625 conyestas
1169 4530 1563 4601 rationum
1608 4530 1848 4601 series
1886 4529 2126 4601 diruit
2143 4552 2177 4614 ,·
2218 4528 2534 4600 illorum
2573 4549 2762 4600 sane
2803 4528 2966 4619 opi-
