3719 5650
1724 708 2207 774 -34-

825 859 1014 936 chiae
1051 860 1378 939 traditus
1424 865 1570 957 est,
1606 866 1681 939 et
1719 861 1796 939 in
1835 863 2052 966 cujus
2089 862 2336 940 locum
2374 864 2689 941 Graecus
2729 862 3066 964 quidam,

822 978 1127 1057 nomine
1200 978 1503 1074 Yavan,
1585 980 1941 1059 suffectus
2015 988 2131 1059 est
2196 979 2342 1086 (1).
2431 982 2800 1060 Ezechias
2890 1008 3073 1086 ergo

823 1098 1220 1200 AEgyptiis
1277 1096 1501 1201 plane
1568 1100 1981 1177 assentitus
2037 1103 2156 1178 est
2213 1104 2292 1178 et
2337 1100 2555 1178 Isaiae
2627 1101 3073 1202 prophetias

824 1213 1217 1317 minasque
1268 1213 1387 1322 (2)
1430 1243 1580 1295 non
1629 1218 1982 1296 secundis
2020 1220 2330 1299 auribus
2389 1219 2710 1321 accepit,
2783 1244 3074 1321 usque-

823 1333 1005 1412 dum
1052 1334 1385 1414 instante
1436 1336 1648 1415 clade
1693 1337 2025 1415 monitus
2077 1345 2220 1417 est.
2269 1338 2782 1418 Sennacherib
2838 1338 3069 1431 enim,

821 1461 1226 1556 postquam
1294 1456 1883 1534 occidentalibus
1935 1457 2365 1536 tributariis
2438 1461 2596 1536 suis
2661 1455 3075 1534 nonnullos

822 1568 1236 1649 laxamenti
1290 1598 1527 1650 annos
1585 1573 2044 1675 reliquisset,
2112 1601 2311 1653 anno
2360 1577 2510 1656 701
2578 1576 2728 1683 (3),
2776 1574 3078 1678 Syriam

824 1687 1110 1767 invasit
1150 1689 1293 1797 (4).
1340 1694 1445 1769 At
1499 1693 1903 1795 principeS,
1949 1722 2182 1798 quum
2237 1696 2656 1774 niniviticae
2719 1694 3077 1797 potestati

823 1808 1258 1888 nullatenus
1295 1812 1647 1889 resistere
1679 1812 2042 1909 valerent,
2088 1819 2223 1892 aut
2259 1815 2654 1917 fugerunt,
2688 1818 2825 1892 aut
2863 1838 3078 1890 arma

825 1926 1336 2021 tradiderunt,
1388 1931 1719 2034 exceptis
1775 1931 2008 2034 Zidqa
2060 1931 2208 2039 (5),
2267 1933 2664 2012 Ascalonis
2734 1957 2948 2035 rege,
3003 1937 3078 2010 et

826 2047 1158 2124 Ezechia
1204 2047 1352 2154 (6),
1413 2048 1540 2150 qui
1593 2075 2068 2153 praepropere
2118 2053 2661 2156 AEgyptiorum
2708 2050 3076 2129 auxilium

828 2163 1472 2264 efflagitaverunt.
1539 2170 1739 2244 Ante
1798 2174 2053 2245 autem
2108 2196 2335 2272 quam
2397 2170 2477 2247 hi
2538 2168 3071 2261 convenerint,

832 2284 1342 2363 Sennacherib
1401 2287 1672 2363 urbem
1719 2285 2046 2365 Ascalon
2092 2290 2322 2391 cepit,
2368 2289 2608 2367 aciem
2663 2287 3073 2391 promovit.

828 2410 901 2482 et
962 2408 1057 2482 ad
1099 2407 1366 2484 urbem
1404 2407 1659 2484 Eltece
1712 2432 1927 2509 reges
1971 2410 2297 2512 AEgypti
2339 2415 2415 2488 et
2452 2410 2708 2487 Meroe
2756 2407 2862 2484 ita
2906 2431 3077 2509 pro-

830 2524 1172 2627 fligavit,
1252 2531 1340 2603 ut
1418 2528 1551 2604 vix
1637 2528 2058 2606 exercitum
2145 2530 2223 2606 in
2307 2530 2634 2631 patriam
2718 2528 3079 2605 reducere

831 2641 1218 2743 potuerint
1256 2640 1404 2749 (7).

897 2864 965 2924 (1)
998 2862 1224 2925 Legitur
1248 2864 1302 2913 in
1332 2863 1601 2926 cylindr0‚
1623 2865 1787 2929 vulgo
1816 2864 1965 2914 dicto
1997 2865 2252 2927 Cylindre
2281 2865 2342 2916 de
2375 2863 2571 2927 Taylor
2597 2864 2704 2926 (W.
2728 2867 2790 2914 A.
2814 2864 2881 2922 1.,
2906 2860 3013 2911 vol.
3036 2860 3076 2921 1,

834 2938 945 2988 tab.
959 2939 1169 3001 3742),
1183 2938 1388 2989 col.III.
1404 2939 1526 2990 Lin.
1545 2943 1622 2990 69.
1644 2960 1666 2984 ιι
1687 2939 1989 3004 Principe&
2006 2946 2310 3003 magnates,
2328 2939 2554 3003 populus
2574 2940 2936 3002 Amgarunna
2951 2936 3076 2997 (Ac-

834 3015 1043 3075 caron),
1064 3012 1142 3063 70.
1171 3013 1264 3077 qui
1299 3014 1430 3062 Padi
1454 3028 1614 3063 suum
1646 3028 1851 3077 regem,
1880 3007 1971 3077 qui
2000 3019 2309 3062 servaverat
2331 3013 2492 3062 fidem
2521 3021 2576 3061 et
2596 3012 2978 3077 juramentum
2998 3013 3076 3059 71.

830 3089 1092 3150 Assyriae,
1112 3088 1365 3152 jecerant
1384 3088 1439 3136 in
1465 3088 1688 3136 vincula
1718 3088 1895 3136 ferrea
1917 3094 1974 3136 et
1993 3089 2239 3137 Ezechiae
2267 3093 2344 3138 72.
2369 3088 2562 3137 Judaeo
2595 3086 2958 3141 tradiderant,
2985 3085 3079 3148 qui

832 3163 1073 3214 illumin
1107 3164 1419 3226 obscurum,
1439 3177 1714 3213 carcerem
1743 3161 2035 3213 dimisit...
2055 3180 2081 3209 »

892 3262 960 3326 (2)
998 3262 1088 3323 1s.,
1112 3261 1346 3322 xxx,ubi
1379 3262 1644 3327 propheta
1664 3262 1778 3324 regi
1806 3261 2115 3325 populoque
2146 3261 2436 3325 exprobrat
2459 3260 2638 3311 soedus
2660 3275 2784 3310 cum
2802 3257 3084 3324 AEgyptiis

824 3337 1021 3387 inutile
1063 3351 1126 3387 ac
1158 3336 1430 3395 nocivum,
1461 3335 1606 3400 quod
1645 3350 1813 3400 super
1838 3335 2062 3385 Judaeos
2091 3334 2435 3384 iracundiam
2466 3336 2710 3385 divinam
2747 3334 3081 3399 provocabit.

896 3438 970 3501 (3)
1008 3436 1089 3487 Cf.
1126 3436 1189 3487 G.
1231 3436 1425 3498 Smrn,
1450 3436 1759 3500 Zeitschrist
1789 3435 1885 3498 fiir
1904 3433 2242 3499 OEqyptische
2267 3437 2514 3500 spi-actae,
2552 3435 2718 3486 Mart.
2746 3439 2888 3500 1870,
2921 3451 2972 3501 p.
3001 3440 3083 3487 36.

889 3542 961 3605 (Β)
994 3541 1147 3590 Hanc
1180 3539 1399 3589 tertiam
1436 3536 1812 3588 Sennacherib
1851 3535 2252 3601 expeditionem
2281 3545 2473 3586 contra
2502 3535 2717 3601 Syriam
2749 3536 3086 3601 descriptam

835 3615 1005 3665 habea
1034 3614 1091 3664 in
1115 3613 1366 3678 cylindro
1396 3612 1733 3676 supradicto,

901 3717 977 3780 (5)
1012 3718 1128 3767 Lin.
1158 3720 1234 3766 58.
1268 3729 1296 3761 α
1320 3713 1390 3762 Et
1412 3713 1599 3777 Zidqa,
1631 3726 1816 3776 regem
1839 3711 2147 3770 Ascalonia,
2171 3716 2247 3763 59.
2281 3713 2372 3778 qui
2401 3710 2640 3776 seipsum
2665 3725 2789 3760 meo
2815 3709 2948 3773 jugo
2978 3722 3085 3758 non

833 3789 1170 3839 submiserat
1198 3795 1280 3838 61.
1313 3785 1515 3834 abstuli
1556 3793 1610 3834 et
1648 3785 1704 3834 in
1735 3785 2017 3847 Assyriam
2042 3785 2189 3835 duxi.
2218 3802 2246 3834 ι)
2290 3786 2348 3835 In
2381 3784 2869 3848 Taylor-cylindro,
2894 3783 2999 3832 col.
3019 3781 3087 3832 11.

892 3888 963 3951 (6)
994 3890 1111 3939 Lin.
1144 3890 1218 3936 11.
1245 3903 1273 3933 «
1296 3884 1364 3934 Et
1391 3884 1673 3934 Ezechiam
1701 3891 1775 3935 12.
1796 3883 2054 3934 Judaeum
2078 3886 2172 3950 qui
2203 3900 2260 3934 ee
2290 3884 2427 3934 mihi
2459 3900 2565 3935 non
2589 3882 2983 3932 submiserat...
3014 3886 3089 3934 17.

831 3963 1042 4012 obsedi.
1070 3980 1098 4009 n
1130 3961 1284 4020 mid„
1312 3959 1414 4009 col.
1445 3959 1533 4012 111.

894 4065 988 4128 (7).
1019 4065 1138 4116 Lin.
1187 4061 1266 4112 6²1.
1323 4079 1348 4105 α
1371 4059 1543 4110 Urbes
1567 4060 1738 4125 Zidqa
1771 4074 1890 4124 quae
1920 4060 2056 4109 mihi
2086 4063 2166 4112 68.
2198 4075 2428 4125 propere
2467 4075 2523 4110 se
2558 4074 2663 4109 non
2694 4059 3090 4122 submiserant,

835 4140 977 4205 cepi,
1008 4153 1201 4189 earum
1241 4135 1423 4198 spolia
1469 4135 1812 4185 transtulim.
1842 4139 1921 4184 73.
1954 4135 2129 4197 Reges
2158 4134 2404 4200 AEgypti,
2433 4137 2514 4186 74.
2543 4134 2838 4197 sagittarii,
2874 4148 3092 4186 currus.

835 4215 961 4278 equi
1001 4228 1195 4277 regum
1223 4208 1460 4259 Milukhi
1494 4211 1737 4270 (Meroe),
1768 4212 1848 4259 75.
1879 4210 2311 4260 innumerabiles
2342 4211 2613 4260 exercitus
2645 4217 3006 4273 perrexerunt
3041 4218 3096 4258 et

830 4294 1103 4339 venerunt
1131 4289 1214 4337 76.
1264 4285 1321 4333 in
1365 4298 1555 4334 eorum
1596 4283 1927 4334 subsidium.
1958 4284 2149 4334 Coram
2183 4288 2262 4334 77.
2305 4285 2508 4349 Altaqu
2561 4284 2740 4333 aciem
2786 4284 3096 4336 eduxerunt

833 4370 1026 4414 contra
1046 4377 1151 4412 me.
1178 4358 1506 4409 Effuderunt
1523 4364 1603 4409 78.
1627 4358 1900 4409 exercitus
1929 4359 2383 4409 euos.Confldene
2409 4360 2457 4409 in
2482 4359 2675 4416 Assur,
2695 4357 2921 4408 domino
2947 4367 3094 4422 inec,

833 4443 912 4488 79.
945 4436 1184 4504 pugnavi
1210 4448 1338 4484 cum
1359 4432 1459 4496 eia,
1483 4449 1620 4499 quos
1645 4435 1700 4482 in
1727 4433 1914 4495 sugam
1933 4433 2089 4481 verti.
2111 4437 2188 4483 80.
2215 4434 2529 4499 Principem
2551 4446 2816 4482 curruum
2846 4442 2902 4482 ct
2925 4433 3094 4486 filios.

836 4516 982 4579 regis
1006 4513 1234 4579 AEgypti
1264 4514 1343 4562 81.
1377 4509 1541 4560 simul
1567 4524 1694 4560 cum
1723 4508 1973 4573 principe
1999 4522 2262 4558 curruum
2300 4509 2527 4572 regim...
2569 4506 2815 4572 Miluljhi
2855 4510 2977 4573 cepi
3012 4511 3074 4559 82

831 4590 981 4640 vivos
1009 4587 1239 4654 propria
1269 4598 1438 4634 manu
1473 4584 1527 4633 in
1563 4581 1747 4633 medio
1778 4594 1994 4645 pugnae.
2042 4580 2216 4630 Urbes
2253 4582 2473 4646 Altaqu,
2509 4583 2587 4632 83.
2618 4581 2882 4633 Timnath
2914 4597 3095 4647 oppu-
