3719 5650
1675 668 2212 735 —134—

816 821 1171 915 veniunt,
1244 820 1337 897 de
1403 819 1698 898 deserto
1786 822 2046 918 venit,
2126 824 2217 901 de
2290 828 2496 902 terra
2570 825 3053 904 horribili....

814 939 1155 1018 Ascende
1198 940 1487 1035 AElam,
1532 941 1791 1019 obside
1843 942 2061 1020 Mede
2114 940 2376 1047 (1)....
2439 944 2860 1023 Suscitavit
2909 946 3059 1023 Do-

814 1061 1064 1138 minus
1124 1059 1476 1162 spiritum
1533 1084 1801 1161 regum
1852 1061 2290 1158 Medorum;
2348 1068 2425 1140 et
2481 1069 2748 1141 contra
2813 1065 3060 1171 Baby-

817 1180 1065 1257 lonem
1113 1204 1321 1255 mens
1365 1181 1528 1281 ejus
1569 1184 1682 1257 est
1720 1185 1806 1258 ut
1843 1181 2111 1283 perdat
2159 1206 2327 1259 eam
2367 1180 2624 1289 (2)....
2678 1213 2715 1257 >

921 1301 1117 1377 Tum
1179 1299 1508 1402 primum
1573 1301 2136 1402 praenuntiatur
2211 1329 2258 1380 a
2317 1304 2685 1406 propheta
2765 1306 3062 1382 instru-

815 1425 1153 1497 mentum
1236 1443 1282 1495 a
1343 1419 1501 1495 Deo
1582 1418 1902 1496 electum
1976 1422 2070 1496 ad
2146 1423 2687 1500 destruendam
2762 1426 3052 1505 urbem.

922 1539 1036 1615 De
1091 1536 1335 1614 Medis
1388 1562 1570 1614 vero
1621 1537 1985 1614 nonnulla
2052 1539 2293 1616 oritur
2349 1538 2750 1617 difficultas
2820 1542 3065 1619 inter-

816 1656 1197 1760 pretandi.
1234 1702 1327 1711 —
1355 1653 1473 1760 A)
1510 1654 1747 1748 Medi,
1792 1656 1936 1732 etsi
1973 1662 2310 1761 tempore
2346 1657 2564 1734 Isaiae
2604 1658 3062 1760 probabilius

815 1775 1095 1879 cogniti
1151 1775 1329 1869 sint,
1397 1779 1623 1851 aetate
1696 1776 1787 1851 de
1854 1800 2005 1878 qua
2060 1776 2358 1879 agimus
2418 1776 2715 1854 nonnisi
2781 1776 3060 1855 debiles

814 1898 890 1971 et
926 1893 1188 1970 divisae
1227 1892 1467 1969 tribus
1509 1896 1723 1969 erant
1749 1891 1900 2000 (3).
1946 1895 2150 1971 Dum
2188 1900 2452 1972 autem
2490 1895 2835 1973 catholici
2902 1896 3058 1973 cri-

814 2013 946 2091 tici
989 2011 1292 2115 signum
1331 2011 1743 2115 prophetici
1782 2012 2160 2089 acuminis
2190 2014 2312 2090 hic
2347 2020 2797 2115 agnoscunt,
2836 2013 3060 2091 insu-

816 2131 997 2207 dant
1059 2129 1549 2207 rationalistae
1617 2138 1708 2207 ut
1785 2129 1927 2208 has
2008 2131 2252 2208 minas
2342 2131 2584 2209 multo
2659 2133 3057 2210 recentiori

813 2250 1130 2353 tempori
1168 2249 1615 2327 attribuant.
1662 2296 1755 2305 ——
1788 2250 1898 2353 B)
1937 2250 2140 2328 Medi
2171 2251 2498 2352 quidem,
2545 2275 2777 2352 quum
2807 2277 3056 2355 oppu-

813 2376 1046 2473 gnata
1091 2375 1210 2449 est
1255 2370 1633 2473 Babylon,
1680 2371 2203 2447 subdebantur
2254 2371 2455 2475 Cyro
2510 2378 2589 2450 et
2642 2374 3059 2451 Persarum

814 2489 1130 2592 imperio
1171 2490 1742 2592 jungebantur3
1802 2490 1895 2567 de
1949 2490 2041 2566 iis
2098 2494 2351 2567 tamen
2413 2492 2697 2569 mentio
2764 2494 3059 2595 proter-

810 2616 968 2708 tur,
1013 2611 1190 2713 quia
1228 2636 1546 2687 numero
1587 2611 1843 2713 plures
1885 2618 2458 2713 permanserant
2493 2620 2566 2691 et
2613 2618 3062 2717 potestatem

807 2735 1033 2808 antea
1062 2733 1579 2808 exercuerant.
1614 2774 1717 2788 —
1740 2730 1837 2839 C)
1882 2732 2093 2809 Adde
2124 2731 2499 2835 imprimis
2541 2732 2740 2835 quod
2777 2756 2931 2808 non
2968 2732 3060 2809 do

811 2850 900 2926 iis
975 2850 1445 2928 solummodo
1527 2850 1781 2952 agitur
1867 2879 1884 2928 ε
1978 2852 2331 2929 hortatur
2423 2851 2620 2928 enim
2695 2851 3061 2954 propheta

811 2968 1101 3066 AEIam,
1166 2974 1254 3047 ut
1339 2970 1585 3072 ipsum
1642 2975 1937 3073 surgat.
2005 2973 2179 3049 Jam
2255 2997 2439 3049 vero
2513 2973 2774 3049 eadem
2850 2970 3059 3072 regio

810 3114 980 3166 cum
1033 3088 1162 3166 illa
1224 3088 1572 3190 quadrat,
1632 3091 1760 3167 cui
1812 3091 2208 3193 praefuisse
2289 3091 2564 3168 dicitur
2625 3090 2909 3193 CyruS,
2980 3089 3056 3166 in

809 3209 1303 3313 inscriptione
1354 3211 1448 3285 de
1492 3234 1641 3310 qua
1690 3210 1963 3287 iterum
2016 3209 2213 3286 infra
2261 3214 2532 3313 agetur
2573 3207 2687 3316 (4)
2738 3237 2755 3287 ε
2808 3238 2845 3282 ‹
2890 3211 3056 3310 Ego

809 3354 1005 3424 sum,
1076 3331 1210 3421 ait,
1272 3329 1553 3430 Cyrus,
1622 3354 1758 3405 rex
1826 3330 2032 3407 urbis
2097 3328 2465 3417 Anslzan,
2531 3353 2767 3433 nepos
2836 3329 3047 3432 Cyri,

808 3450 1007 3552 regis
1046 3449 1253 3526 urbis
1291 3449 1664 3526 Anslzan.
1716 3479 1752 3522 ›
1802 3450 2012 3527 Situs
2053 3453 2310 3527 autem
2360 3449 2595 3550 hujus
2652 3449 2859 3527 urbis
2917 3449 3057 3526 hoc

809 3570 1028 3646 modo
1080 3568 1444 3646 statuitur
1498 3594 1515 3645 ε
1570 3594 1665 3644 cx
1722 3569 2160 3645 clarissimis
2212 3568 2398 3645 viris
2455 3570 2557 3644 H.
2604 3568 3055 3646 Rawlinson

804 3695 881 3764 ct
942 3688 1212 3792 Sayce,
1276 3687 1481 3790 regio
1532 3689 1852 3764 Anshan
1902 3688 2026 3765 vel
2080 3691 2327 3765 totum
2394 3687 2647 3765 [Elam
2719 3691 2859 3781 est,
2932 3686 3052 3762 vel

807 3832 982 3908 pars
1048 3806 1378 3907 reg-ionis
1429 3805 1843 3884 aelamiticae
1885 3807 2032 3910 (5).
2090 3805 2171 3912 a)
2208 3806 2603 3909 Assyriaci
2653 3805 2854 3882 enim
2888 3810 3050 3884 tex-

869 3984 937 4047 (1)
970 3983 1060 4042 Is„
1084 3996 1196 4040 xxi,
1229 3988 1274 4044 ι,
1310 3987 1356 4031 2.

869 4073 937 4134 (2)
965 4070 1108 4123 Jna..
1141 4083 1212 4130 Li,
1242 4073 1312 4120 11.

868 4159 935 4222 (3)
978 4157 1055 4206 De
1095 4157 1247 4206 varia
1289 4164 1343 4207 et
1392 4156 1587 4206 humili
1631 4164 1774 4207 sorte
1820 4159 2103 4208 Medorum
2129 4197 2142 4218 ,
2193 4161 2421 4210 florente
2464 4159 2742 4223 assyriaco
2797 4159 3050 4224 impet-ie,

805 4234 875 4286 cf.
904 4236 967 4286 Α.
1000 4235 1305 4298 Danu-ms,
1337 4232 1402 4285 Le
1428 4233 1627 4299 Peuple
1656 4238 1703 4286 et
1732 4234 1997 4302 l'Empire
2041 4235 2130 4287 des
2162 4234 2351 4299 Medos,
2392 4235 2478 4286 liv.
2516 4236 2578 4294 11,
2616 4234 2707 4287 Les
2731 4234 2903 4287 Mcdes
2928 4247 3052 4286 sous

806 4312 861 4364 la
885 4310 1239 4362 deminution
1268 4309 1610 4372 assyrienne,
1642 4324 1694 4374 p.
1721 4314 1799 4373 57,
1835 4313 1940 4362 ¹²5.

865 4401 930 4461 (ι)
960 4398 1037 4453 cr.
1063 4397 1225 4456 infra,
1258 4413 1308 4462 p.
1333 4401 1441 4457 1⁴7,
1482 4400 1589 4447 1⁴8.

866 4490 953 4609 (ml
979 4487 1211 4537 Journal
1238 4486 1409 4537 Asiae.
1442 4485 1507 4536 de
1528 4485 1784 4547 Londres‚
1813 4486 2033 4551 janvier
2063 4489 2202 4550 1880,
2227 4502 2277 4552 p.
2296 4493 2372 4537 76.
2402 4515 2463 4524 -
2489 4485 2596 4540 The
2625 4486 2913 4550 Academy,
2944 4484 3047 4534 vol.

807 4563 923 4612 XVI
962 4601 974 4623 ,
1010 4577 1040 4625 p
1093 4565 1198 4611 193.
