3719 5650
1582 640 2126 708 -158»-

727 800 1233 907 captivorum,
1281 824 1601 902 quorum
1650 797 1871 902 signa
1916 797 1995 874 in
2042 796 2357 876 deorum
2410 819 2722 873 suorum
2775 797 2974 871 tem·-

722 917 863 1019 plis
919 917 1422 1014 collocabant,
1489 916 1709 1020 quasi
1783 916 1848 993 si
1927 915 2207 994 aemula
2283 911 2731 1015 devictaque
2797 936 2970 989 cum

723 1038 1074 1143 gentibus
1110 1037 1423 1115 numina
1444 1036 1868 1116 victoribus
1897 1081 2001 1095 —-
2029 1060 2126 1113 ne
2146 1034 2437 1112 dicam:
2470 1034 2844 1112 victorum
2874 1078 2972 1090 -—

724 1157 1162 1236 numinibus
1210 1156 1713 1235 reverentiam
1752 1154 2228 1258 aliquatenus
2273 1154 2750 1256 praestarent.
2794 1151 2967 1229 Uno

727 1276 988 1369 verbo,
1015 1280 1433 1378 Sz'qnorum
1462 1275 1799 1377 direptio
1836 1272 2035 1351 idem
2059 1272 2376 1349 sonabat
2404 1276 2635 1372 atque
2668 1269 2962 1347 clades.

1143 3059 1313 3114 Sicani
1352 3075 1571 3113 nnonuu
1610 3075 1841 3113 carrum
1880 3073 2187 3114 nucuxrcn.
2235 3058 2394 3129 (Pag.
2438 3060 2582 3126 1258).

848 3280 1048 3357 Hinc
1139 3281 1418 3359 iterum
1518 3280 1929 3383 figurative
2020 3285 2318 3359 tantum
2410 3286 2486 3358 et
2578 3280 2981 3384 allegorice

732 3397 965 3475 locuti
1020 3424 1186 3477 esse
1227 3399 1588 3476 videntur
1632 3399 2046 3501 prophetae‚
2105 3423 2250 3475 non
2290 3424 2507 3477 secus
2556 3425 2645 3476 ac
2699 3400 2761 3476 si
2802 3399 2982 3477 sim-

731 3518 1027 3622 pliciter
1074 3527 1153 3599 ct
1207 3521 1482 3601 directe
1529 3522 2081 3600 declaraverint
2134 3548 2152 3598 :
2208 3521 2310 3598 dii
2363 3523 2783 3628 babylonici
2839 3524 2980 3601 deo

734 3639 913 3745 Cyri
968 3643 1413 3738 subdentur,
1460 3647 1535 3720 et
1582 3640 1901 3745 populus
1952 3641 2080 3744 qui
2131 3667 2363 3719 unam
2416 3667 2588 3720 cum
2650 3643 2757 3721 eis
2812 3667 2980 3744 per·

733 3784 999 3837 sonam
1060 3761 1259 3839 domi
1319 3762 1760 3864 militiaeque
1824 3762 2065 3865 gerit,
2135 3768 2581 3841 exterarum
2637 3764 2981 3866 gentium

729 3876 1003 3978 jugum
1059 3878 1376 3979 accipiet
1418 3878 1563 3983 (1).

842 4108 1230 4186 LXIV.-—
1264 4108 1335 4216 c)
1360 4111 1771 4206 Praeterea,
1800 4111 1961 4188 sive
1982 4113 2075 4189 ad
2110 4112 2472 4208 litteram,
2505 4112 2665 4189 sive
2701 4111 2978 4214 allego·

735 4225 887 4305 rice
924 4225 1041 4333 (2)
1095 4228 1539 4331 explicanda
1580 4229 1734 4307 sint
1774 4229 1956 4333 Cyri
1991 4229 2341 4308 instituta
2378 4230 2471 4308 de
2518 4229 2976 4333 babylonicis

794 4417 865 4482 (1)
894 4419 1085 4482 Sues,
1110 4419 1276 4472 Freslz
1294 4419 1457 4487 Liqm
1476 4421 1626 4487 from
1649 4423 1736 4474 tlte
1763 4423 1999 4475 Ancient
2027 4423 2386 4481 Mona-ments.
2419 4439 2470 4488 p.
2507 4426 2616 4474 150.

796 4506 862 4573 (2)
895 4508 1070 4570 Quod,
1096 4507 1253 4574 juxta
1280 4510 1631 4574 austeriores,
1664 4524 1770 4560 non
1793 4510 1954 4575 plane
1981 4517 2211 4571 constat,
2242 4510 2517 4576 siquidem
2553 4511 2974 4576 inscriptionum
