<?xml version="1.0" encoding="UTF-8"?>
<!DOCTYPE html PUBLIC "-//W3C//DTD XHTML 1.0 Transitional//EN"
    "http://www.w3.org/TR/xhtml1/DTD/xhtml1-transitional.dtd">
<html xmlns="http://www.w3.org/1999/xhtml" xml:lang="en" lang="en">
 <head>
  <title>
</title>
<meta http-equiv="Content-Type" content="text/html;charset=utf-8" />
  <meta name='ocr-system' content='tesseract 3.04.00' />
  <meta name='ocr-capabilities' content='ocr_page ocr_carea ocr_par ocr_line ocrx_word'/>
</head>
<body>
  <div class='ocr_page' id='page_1' title='image "./deoneribusbibli00rohagoog_0052.png"; bbox 0 0 3719 5650; ppageno 0'>
   <div class='ocr_carea' id='block_1_1' title="bbox 1628 773 2120 839">
    <p class='ocr_par' dir='ltr' id='par_1_1' title="bbox 1628 773 2120 839">
     <span class='ocr_line' id='line_1_1' title="bbox 1628 773 2120 839; baseline -0.002 -18"><span class='ocrx_word' id='word_1_1' title='bbox 1628 773 1921 839; x_wconf 80' lang='grc'>..-44</span> <span class='ocrx_word' id='word_1_2' title='bbox 2021 806 2120 820; x_wconf 88' lang='grc'>-.</span> 
     </span>
    </p>
   </div>
   <div class='ocr_carea' id='block_1_2' title="bbox 739 921 2994 3054">
    <p class='ocr_par' dir='ltr' id='par_1_2' title="bbox 753 921 2994 1393">
     <span class='ocr_line' id='line_1_2' title="bbox 754 921 2992 1028; baseline 0 -29"><span class='ocrx_word' id='word_1_3' title='bbox 754 921 923 1027; x_wconf 88' lang='lat' dir='ltr'>ipsa</span> <span class='ocrx_word' id='word_1_4' title='bbox 984 922 1217 1003; x_wconf 89' lang='lat' dir='ltr'>Sesac</span> <span class='ocrx_word' id='word_1_5' title='bbox 1264 924 1478 1028; x_wconf 85' lang='lat' dir='ltr'>regia</span> <span class='ocrx_word' id='word_1_6' title='bbox 1528 927 1795 1004; x_wconf 92' lang='lat' dir='ltr'>domus</span> <span class='ocrx_word' id='word_1_7' title='bbox 1836 952 2015 1005; x_wconf 85' lang='lat' dir='ltr'>mox</span> <span class='ocrx_word' id='word_1_8' title='bbox 2063 926 2448 1005; x_wconf 81' lang='lat' dir='ltr'>debilitata</span> <span class='ocrx_word' id='word_1_9' title='bbox 2519 931 2661 1021; x_wconf 91' lang='lat' dir='ltr'>est,</span> <span class='ocrx_word' id='word_1_10' title='bbox 2739 922 2847 1003; x_wconf 86' lang='lat' dir='ltr'>ita</span> <span class='ocrx_word' id='word_1_11' title='bbox 2901 932 2992 1001; x_wconf 88' lang='lat' dir='ltr'>ut</span> 
     </span>
     <span class='ocr_line' id='line_1_3' title="bbox 753 1042 2992 1146; baseline 0 -26"><span class='ocrx_word' id='word_1_12' title='bbox 753 1042 1131 1122; x_wconf 78' lang='lat' dir='ltr'>mediante</span> <span class='ocrx_word' id='word_1_13' title='bbox 1161 1044 1434 1122; x_wconf 84' lang='lat' dir='ltr'>saeculo</span> <span class='ocrx_word' id='word_1_14' title='bbox 1469 1046 1656 1124; x_wconf 86' lang='lat' dir='ltr'><strong>VIII</strong></span> <span class='ocrx_word' id='word_1_15' title='bbox 1694 1050 1872 1125; x_wconf 84' lang='lat' dir='ltr'>ante</span> <span class='ocrx_word' id='word_1_16' title='bbox 1906 1046 2338 1142; x_wconf 82' lang='lat' dir='ltr'><strong>Christum,</strong></span> <span class='ocrx_word' id='word_1_17' title='bbox 2375 1043 2616 1122; x_wconf 87' lang='lat' dir='ltr'>divisa</span> <span class='ocrx_word' id='word_1_18' title='bbox 2650 1043 2861 1146; x_wconf 87' lang='lat' dir='ltr'>regio</span> <span class='ocrx_word' id='word_1_19' title='bbox 2913 1042 2992 1120; x_wconf 92' lang='lat' dir='ltr'>in</span> 
     </span>
     <span class='ocr_line' id='line_1_4' title="bbox 755 1165 2994 1271; baseline -0 -29"><span class='ocrx_word' id='word_1_20' title='bbox 755 1189 1027 1242; x_wconf 88' lang='lat' dir='ltr'>manus</span> <span class='ocrx_word' id='word_1_21' title='bbox 1065 1165 1491 1244; x_wconf 85' lang='lat' dir='ltr'>vicinorum</span> <span class='ocrx_word' id='word_1_22' title='bbox 1529 1166 1996 1271; x_wconf 80' lang='lat' dir='ltr'>principum,</span> <span class='ocrx_word' id='word_1_23' title='bbox 2039 1192 2360 1271; x_wconf 90' lang='lat' dir='ltr'>quorum</span> <span class='ocrx_word' id='word_1_24' title='bbox 2398 1170 2733 1269; x_wconf 87' lang='lat' dir='ltr'>potestas</span> <span class='ocrx_word' id='word_1_25' title='bbox 2793 1165 2994 1243; x_wconf 87' lang='lat' dir='ltr'>ultra</span> 
     </span>
     <span class='ocr_line' id='line_1_5' title="bbox 756 1284 2450 1393; baseline 0.002 -33"><span class='ocrx_word' id='word_1_26' title='bbox 756 1284 1005 1362; x_wconf 90' lang='lat' dir='ltr'>sedem</span> <span class='ocrx_word' id='word_1_27' title='bbox 1034 1285 1329 1389; x_wconf 89' lang='lat' dir='ltr'>imperii</span> <span class='ocrx_word' id='word_1_28' title='bbox 1353 1310 1503 1363; x_wconf 93' lang='lat' dir='ltr'>non</span> <span class='ocrx_word' id='word_1_29' title='bbox 1542 1288 1874 1389; x_wconf 86' lang='lat' dir='ltr'>patebat,</span> <span class='ocrx_word' id='word_1_30' title='bbox 1921 1286 2274 1365; x_wconf 87' lang='lat' dir='ltr'>inciderit</span> <span class='ocrx_word' id='word_1_31' title='bbox 2303 1286 2450 1393; x_wconf 88' lang='lat' dir='ltr'>(l).</span> 
     </span>
    </p>

    <p class='ocr_par' dir='ltr' id='par_1_3' title="bbox 739 1404 2990 3054">
     <span class='ocr_line' id='line_1_6' title="bbox 858 1404 2990 1510; baseline 0.001 -30"><span class='ocrx_word' id='word_1_32' title='bbox 858 1404 961 1480; x_wconf 86' lang='lat' dir='ltr'>Hi</span> <span class='ocrx_word' id='word_1_33' title='bbox 991 1408 1245 1483; x_wconf 90' lang='lat' dir='ltr'>autem</span> <span class='ocrx_word' id='word_1_34' title='bbox 1283 1406 1663 1510; x_wconf 87' lang='lat' dir='ltr'>perpetuis</span> <span class='ocrx_word' id='word_1_35' title='bbox 1689 1405 1876 1484; x_wconf 85' lang='lat' dir='ltr'>rixis</span> <span class='ocrx_word' id='word_1_36' title='bbox 1901 1410 1979 1485; x_wconf 91' lang='lat' dir='ltr'>et</span> <span class='ocrx_word' id='word_1_37' title='bbox 2014 1406 2334 1485; x_wconf 86' lang='lat' dir='ltr'>sordidae</span> <span class='ocrx_word' id='word_1_38' title='bbox 2372 1404 2675 1484; x_wconf 76' lang='lat' dir='ltr'>invidiae</span> <span class='ocrx_word' id='word_1_39' title='bbox 2702 1407 2990 1484; x_wconf 88' lang='lat' dir='ltr'>obtrec-</span> 
     </span>
     <span class='ocr_line' id='line_1_7' title="bbox 750 1522 2982 1629; baseline 0.001 -29"><span class='ocrx_word' id='word_1_40' title='bbox 750 1522 1168 1601; x_wconf 84' lang='lat' dir='ltr'>tationibus</span> <span class='ocrx_word' id='word_1_41' title='bbox 1231 1525 1531 1621; x_wconf 81' lang='lat' dir='ltr'>traditi,</span> <span class='ocrx_word' id='word_1_42' title='bbox 1594 1525 2043 1604; x_wconf 81' lang='lat' dir='ltr'>invadentes</span> <span class='ocrx_word' id='word_1_43' title='bbox 2105 1526 2422 1629; x_wconf 92' lang='lat' dir='ltr'>populos</span> <span class='ocrx_word' id='word_1_44' title='bbox 2495 1523 2982 1603; x_wconf 83' lang='lat' dir='ltr'>allexerunt:</span> 
     </span>
     <span class='ocr_line' id='line_1_8' title="bbox 750 1640 2984 1748; baseline 0.001 -31"><span class='ocrx_word' id='word_1_45' title='bbox 750 1640 1189 1718; x_wconf 74' lang='lat' dir='ltr'>meridianae</span> <span class='ocrx_word' id='word_1_46' title='bbox 1232 1642 1479 1720; x_wconf 89' lang='lat' dir='ltr'>tribus</span> <span class='ocrx_word' id='word_1_47' title='bbox 1544 1643 2018 1723; x_wconf 84' lang='lat' dir='ltr'>occasionem</span> <span class='ocrx_word' id='word_1_48' title='bbox 2063 1644 2284 1723; x_wconf 87' lang='lat' dir='ltr'>avide</span> <span class='ocrx_word' id='word_1_49' title='bbox 2331 1643 2701 1748; x_wconf 75' lang='lat' dir='ltr'>amplexae</span> <span class='ocrx_word' id='word_1_50' title='bbox 2764 1647 2984 1739; x_wconf 90' lang='lat' dir='ltr'>sunt,</span> 
     </span>
     <span class='ocr_line' id='line_1_9' title="bbox 751 1758 2990 1865; baseline 0.002 -31"><span class='ocrx_word' id='word_1_51' title='bbox 751 1758 1363 1862; x_wconf 87' lang='lat' dir='ltr'>AEthiopumque</span> <span class='ocrx_word' id='word_1_52' title='bbox 1413 1762 1793 1840; x_wconf 80' lang='lat' dir='ltr'>exercitus</span> <span class='ocrx_word' id='word_1_53' title='bbox 1849 1762 2104 1841; x_wconf 89' lang='lat' dir='ltr'>omnia</span> <span class='ocrx_word' id='word_1_54' title='bbox 2145 1761 2347 1840; x_wconf 88' lang='lat' dir='ltr'>ferro</span> <span class='ocrx_word' id='word_1_55' title='bbox 2384 1767 2461 1841; x_wconf 89' lang='lat' dir='ltr'>et</span> <span class='ocrx_word' id='word_1_56' title='bbox 2506 1762 2685 1865; x_wconf 85' lang='lat' dir='ltr'>igne</span> <span class='ocrx_word' id='word_1_57' title='bbox 2723 1766 2990 1839; x_wconf 83' lang='lat' dir='ltr'>vasta-</span> 
     </span>
     <span class='ocr_line' id='line_1_10' title="bbox 752 1879 2985 1983; baseline 0.002 -30"><span class='ocrx_word' id='word_1_58' title='bbox 752 1880 1060 1955; x_wconf 85' lang='lat' dir='ltr'>verunt.</span> <span class='ocrx_word' id='word_1_59' title='bbox 1140 1880 1244 1957; x_wconf 91' lang='lat' dir='ltr'>At</span> <span class='ocrx_word' id='word_1_60' title='bbox 1282 1879 1627 1983; x_wconf 89' lang='lat' dir='ltr'>princeps</span> <span class='ocrx_word' id='word_1_61' title='bbox 1667 1881 2004 1983; x_wconf 85' lang='lat' dir='ltr'>quidam,</span> <span class='ocrx_word' id='word_1_62' title='bbox 2042 1887 2400 1959; x_wconf 89' lang='lat' dir='ltr'>strenuus</span> <span class='ocrx_word' id='word_1_63' title='bbox 2447 1886 2526 1959; x_wconf 90' lang='lat' dir='ltr'>et</span> <span class='ocrx_word' id='word_1_64' title='bbox 2562 1905 2766 1977; x_wconf 88' lang='lat' dir='ltr'>acer,</span> <span class='ocrx_word' id='word_1_65' title='bbox 2814 1885 2985 1957; x_wconf 92' lang='lat' dir='ltr'>ortu</span> 
     </span>
     <span class='ocr_line' id='line_1_11' title="bbox 751 1994 2989 2103; baseline 0 -31"><span class='ocrx_word' id='word_1_66' title='bbox 751 1994 1174 2098; x_wconf 74' lang='lat' dir='ltr'>aethiopico,</span> <span class='ocrx_word' id='word_1_67' title='bbox 1217 1997 1592 2094; x_wconf 77' lang='lat' dir='ltr'>Schabak,</span> <span class='ocrx_word' id='word_1_68' title='bbox 1623 1999 1760 2075; x_wconf 87' lang='lat' dir='ltr'>has</span> <span class='ocrx_word' id='word_1_69' title='bbox 1805 1999 2254 2103; x_wconf 87' lang='lat' dir='ltr'>direptiones</span> <span class='ocrx_word' id='word_1_70' title='bbox 2292 1999 2638 2094; x_wconf 89' lang='lat' dir='ltr'>diremit,</span> <span class='ocrx_word' id='word_1_71' title='bbox 2684 1998 2989 2099; x_wconf 92' lang='lat' dir='ltr'>ipseque</span> 
     </span>
     <span class='ocr_line' id='line_1_12' title="bbox 750 2110 2986 2219; baseline 0 -28"><span class='ocrx_word' id='word_1_72' title='bbox 750 2110 1025 2192; x_wconf 85' lang='lat' dir='ltr'>novam</span> <span class='ocrx_word' id='word_1_73' title='bbox 1096 2116 1383 2219; x_wconf 86' lang='lat' dir='ltr'>regiam</span> <span class='ocrx_word' id='word_1_74' title='bbox 1429 2119 1734 2196; x_wconf 90' lang='lat' dir='ltr'>domum</span> <span class='ocrx_word' id='word_1_75' title='bbox 1802 2119 2174 2211; x_wconf 88' lang='lat' dir='ltr'>condidit,</span> <span class='ocrx_word' id='word_1_76' title='bbox 2232 2122 2309 2195; x_wconf 89' lang='lat' dir='ltr'>et</span> <span class='ocrx_word' id='word_1_77' title='bbox 2345 2122 2680 2195; x_wconf 82' lang='lat' dir='ltr'>veterem</span> <span class='ocrx_word' id='word_1_78' title='bbox 2730 2121 2986 2218; x_wconf 88' lang='lat' dir='ltr'>potes-</span> 
     </span>
     <span class='ocr_line' id='line_1_13' title="bbox 746 2235 2989 2344; baseline 0.001 -33"><span class='ocrx_word' id='word_1_79' title='bbox 746 2238 982 2312; x_wconf 83' lang='lat' dir='ltr'>tatem</span> <span class='ocrx_word' id='word_1_80' title='bbox 1026 2235 1167 2312; x_wconf 89' lang='lat' dir='ltr'>sibi</span> <span class='ocrx_word' id='word_1_81' title='bbox 1207 2238 1685 2340; x_wconf 85' lang='lat' dir='ltr'>recuperavit</span> <span class='ocrx_word' id='word_1_82' title='bbox 1721 2236 1868 2344; x_wconf 78' lang='lat'>(2).</span> <span class='ocrx_word' id='word_1_83' title='bbox 1935 2238 2078 2324; x_wconf 85' lang='lat' dir='ltr'>Qui</span> <span class='ocrx_word' id='word_1_84' title='bbox 2131 2263 2281 2315; x_wconf 94' lang='lat' dir='ltr'>non</span> <span class='ocrx_word' id='word_1_85' title='bbox 2336 2236 2530 2315; x_wconf 90' lang='lat' dir='ltr'>alius</span> <span class='ocrx_word' id='word_1_86' title='bbox 2588 2241 2706 2313; x_wconf 86' lang='lat' dir='ltr'>est</span> <span class='ocrx_word' id='word_1_87' title='bbox 2761 2240 2989 2338; x_wconf 89' lang='lat' dir='ltr'>atque</span> 
     </span>
     <span class='ocr_line' id='line_1_14' title="bbox 745 2352 2988 2461; baseline -0 -31"><span class='ocrx_word' id='word_1_88' title='bbox 745 2352 875 2430; x_wconf 92' lang='lat' dir='ltr'>ille</span> <span class='ocrx_word' id='word_1_89' title='bbox 914 2378 1136 2456; x_wconf 91' lang='lat' dir='ltr'>quem</span> <span class='ocrx_word' id='word_1_90' title='bbox 1172 2355 1425 2433; x_wconf 87' lang='lat' dir='ltr'>Biblia</span> <span class='ocrx_word' id='word_1_91' title='bbox 1472 2356 1646 2434; x_wconf 78' lang='lat' dir='ltr'>Sua</span> <span class='ocrx_word' id='word_1_92' title='bbox 1685 2354 1799 2461; x_wconf 87' lang='lat'>(3)</span> <span class='ocrx_word' id='word_1_93' title='bbox 1840 2363 2148 2453; x_wconf 84' lang='lat' dir='ltr'>vocant,</span> <span class='ocrx_word' id='word_1_94' title='bbox 2195 2356 2313 2457; x_wconf 88' lang='lat' dir='ltr'>cuj</span> <span class='ocrx_word' id='word_1_95' title='bbox 2329 2381 2415 2432; x_wconf 89' lang='lat' dir='ltr'>us</span> <span class='ocrx_word' id='word_1_96' title='bbox 2443 2354 2810 2433; x_wconf 80' lang='lat' dir='ltr'>auxilium</span> <span class='ocrx_word' id='word_1_97' title='bbox 2850 2377 2988 2430; x_wconf 85' lang='lat' dir='ltr'>rex</span> 
     </span>
     <span class='ocr_line' id='line_1_15' title="bbox 746 2470 2986 2578; baseline -0.001 -29"><span class='ocrx_word' id='word_1_98' title='bbox 746 2472 943 2550; x_wconf 91' lang='lat' dir='ltr'>Osee</span> <span class='ocrx_word' id='word_1_99' title='bbox 1006 2473 1374 2551; x_wconf 82' lang='lat' dir='ltr'>adversus</span> <span class='ocrx_word' id='word_1_100' title='bbox 1437 2476 1798 2578; x_wconf 84' lang='lat' dir='ltr'>Assyrios</span> <span class='ocrx_word' id='word_1_101' title='bbox 1872 2474 2348 2577; x_wconf 86' lang='lat' dir='ltr'>impetravit.</span> <span class='ocrx_word' id='word_1_102' title='bbox 2401 2473 2577 2551; x_wconf 78' lang='lat' dir='ltr'>Sua</span> <span class='ocrx_word' id='word_1_103' title='bbox 2616 2477 2873 2550; x_wconf 87' lang='lat' dir='ltr'>autem</span> <span class='ocrx_word' id='word_1_104' title='bbox 2908 2470 2986 2547; x_wconf 90' lang='lat' dir='ltr'>in</span> 
     </span>
     <span class='ocr_line' id='line_1_16' title="bbox 747 2590 2985 2696; baseline -0 -28"><span class='ocrx_word' id='word_1_105' title='bbox 747 2590 1196 2669; x_wconf 86' lang='lat' dir='ltr'>stabilienda</span> <span class='ocrx_word' id='word_1_106' title='bbox 1230 2594 1681 2672; x_wconf 84' lang='lat' dir='ltr'>auctoritate</span> <span class='ocrx_word' id='word_1_107' title='bbox 1720 2593 1950 2670; x_wconf 90' lang='lat' dir='ltr'>nimis</span> <span class='ocrx_word' id='word_1_108' title='bbox 1988 2593 2413 2696; x_wconf 83' lang='lat' dir='ltr'>implicatus</span> <span class='ocrx_word' id='word_1_109' title='bbox 2435 2596 2602 2671; x_wconf 87' lang='lat' dir='ltr'>erat</span> <span class='ocrx_word' id='word_1_110' title='bbox 2639 2616 2870 2694; x_wconf 89' lang='lat' dir='ltr'>quam</span> <span class='ocrx_word' id='word_1_111' title='bbox 2897 2596 2985 2668; x_wconf 90' lang='lat' dir='ltr'>ut</span> 
     </span>
     <span class='ocr_line' id='line_1_17' title="bbox 746 2710 2974 2815; baseline 0.001 -30"><span class='ocrx_word' id='word_1_112' title='bbox 746 2710 1120 2787; x_wconf 86' lang='lat' dir='ltr'>exercitus</span> <span class='ocrx_word' id='word_1_113' title='bbox 1158 2710 1383 2814; x_wconf 87' lang='lat' dir='ltr'>longe</span> <span class='ocrx_word' id='word_1_114' title='bbox 1445 2712 1542 2789; x_wconf 84' lang='lat' dir='ltr'>ad</span> <span class='ocrx_word' id='word_1_115' title='bbox 1587 2713 1826 2790; x_wconf 91' lang='lat' dir='ltr'>socios</span> <span class='ocrx_word' id='word_1_116' title='bbox 1885 2712 2186 2790; x_wconf 83' lang='lat' dir='ltr'>mittere</span> <span class='ocrx_word' id='word_1_117' title='bbox 2242 2715 2526 2815; x_wconf 86' lang='lat' dir='ltr'>posset.</span> <span class='ocrx_word' id='word_1_118' title='bbox 2588 2710 2974 2815; x_wconf 90' lang='lat' dir='ltr'>Principes</span> 
     </span>
     <span class='ocr_line' id='line_1_18' title="bbox 742 2828 2987 2935; baseline 0 -30"><span class='ocrx_word' id='word_1_119' title='bbox 742 2828 1054 2906; x_wconf 91' lang='lat' dir='ltr'>minoris</span> <span class='ocrx_word' id='word_1_120' title='bbox 1104 2835 1304 2908; x_wconf 81' lang='lat' dir='ltr'>notae</span> <span class='ocrx_word' id='word_1_121' title='bbox 1371 2831 1700 2929; x_wconf 90' lang='lat' dir='ltr'>domuit,</span> <span class='ocrx_word' id='word_1_122' title='bbox 1746 2832 2194 2935; x_wconf 88' lang='lat' dir='ltr'>popularem</span> <span class='ocrx_word' id='word_1_123' title='bbox 2235 2856 2501 2909; x_wconf 84' lang='lat' dir='ltr'>aurem</span> <span class='ocrx_word' id='word_1_124' title='bbox 2553 2829 2693 2908; x_wconf 92' lang='lat' dir='ltr'>sibi</span> <span class='ocrx_word' id='word_1_125' title='bbox 2735 2829 2987 2907; x_wconf 91' lang='lat' dir='ltr'>conci-</span> 
     </span>
     <span class='ocr_line' id='line_1_19' title="bbox 739 2945 2984 3054; baseline 0.001 -32"><span class='ocrx_word' id='word_1_126' title='bbox 739 2945 954 3024; x_wconf 86' lang='lat' dir='ltr'>liavit</span> <span class='ocrx_word' id='word_1_127' title='bbox 984 2947 1355 3052; x_wconf 91' lang='lat' dir='ltr'>simulque</span> <span class='ocrx_word' id='word_1_128' title='bbox 1393 2952 1822 3054; x_wconf 85' lang='lat' dir='ltr'>AEgyptum</span> <span class='ocrx_word' id='word_1_129' title='bbox 1862 2955 1941 3028; x_wconf 90' lang='lat' dir='ltr'>et</span> <span class='ocrx_word' id='word_1_130' title='bbox 1995 2949 2469 3053; x_wconf 84' lang='lat' dir='ltr'>AEthiopiam</span> <span class='ocrx_word' id='word_1_131' title='bbox 2526 2947 2608 3024; x_wconf 91' lang='lat' dir='ltr'>in</span> <span class='ocrx_word' id='word_1_132' title='bbox 2673 2947 2984 3025; x_wconf 87' lang='lat' dir='ltr'>unicum</span> 
     </span>
    </p>
   </div>
   <div class='ocr_carea' id='block_1_3' title="bbox 804 3127 2108 3197">
    <p class='ocr_par' dir='ltr' id='par_1_4' title="bbox 804 3127 2108 3197">
     <span class='ocr_line' id='line_1_20' title="bbox 804 3127 2108 3197; baseline 0.005 -20"><span class='ocrx_word' id='word_1_133' title='bbox 804 3127 883 3192; x_wconf 80' lang='lat'>(1)</span> <span class='ocrx_word' id='word_1_134' title='bbox 916 3127 1196 3188; x_wconf 56' lang='lat' dir='ltr'>Manno.</span> <span class='ocrx_word' id='word_1_135' title='bbox 1218 3130 1458 3182; x_wconf 76' lang='lat' dir='ltr'>Histoire</span> <span class='ocrx_word' id='word_1_136' title='bbox 1486 3132 1761 3193; x_wconf 75' lang='lat' dir='ltr'>ancienne,</span> <span class='ocrx_word' id='word_1_137' title='bbox 1792 3147 1845 3196; x_wconf 86' lang='lat' dir='ltr'>p.</span> <span class='ocrx_word' id='word_1_138' title='bbox 1871 3135 1961 3183; x_wconf 81' lang='grc'>379</span> <span class='ocrx_word' id='word_1_139' title='bbox 1988 3146 2108 3197; x_wconf 74' lang='lat' dir='ltr'>sqq.</span> 
     </span>
    </p>
   </div>
   <div class='ocr_carea' id='block_1_4' title="bbox 743 3214 2984 3357">
    <p class='ocr_par' dir='ltr' id='par_1_5' title="bbox 743 3214 2984 3357">
     <span class='ocr_line' id='line_1_21' title="bbox 806 3214 2984 3284; baseline 0.001 -20"><span class='ocrx_word' id='word_1_140' title='bbox 806 3215 882 3279; x_wconf 64' lang='grc' dir='ltr'>(ι)</span> <span class='ocrx_word' id='word_1_141' title='bbox 920 3215 1205 3280; x_wconf 53' lang='lat' dir='ltr'>Matieno,</span> <span class='ocrx_word' id='word_1_142' title='bbox 1250 3230 1334 3282; x_wconf 81' lang='lat' dir='ltr'>op.</span> <span class='ocrx_word' id='word_1_143' title='bbox 1377 3220 1487 3283; x_wconf 62' lang='lat' dir='ltr'>cit„</span> <span class='ocrx_word' id='word_1_144' title='bbox 1514 3234 1566 3283; x_wconf 87' lang='lat' dir='ltr'>p.</span> <span class='ocrx_word' id='word_1_145' title='bbox 1598 3225 1687 3271; x_wconf 85' lang='lat'>387</span> <span class='ocrx_word' id='word_1_146' title='bbox 1721 3234 1841 3284; x_wconf 73' lang='lat' dir='ltr'>sqq.</span> <span class='ocrx_word' id='word_1_147' title='bbox 1886 3247 1951 3258; x_wconf 91' lang='lat'>—-</span> <span class='ocrx_word' id='word_1_148' title='bbox 1991 3219 2344 3282; x_wconf 67' lang='lat' dir='ltr'>Lssuonumr,</span> <span class='ocrx_word' id='word_1_149' title='bbox 2374 3218 2614 3269; x_wconf 76' lang='lat' dir='ltr'>Histoire</span> <span class='ocrx_word' id='word_1_150' title='bbox 2640 3217 2895 3268; x_wconf 78' lang='lat' dir='ltr'>ancienne</span> <span class='ocrx_word' id='word_1_151' title='bbox 2923 3214 2984 3266; x_wconf 82' lang='lat' dir='ltr'>de</span> 
     </span>
     <span class='ocr_line' id='line_1_22' title="bbox 743 3288 1596 3357; baseline 0.004 -17"><span class='ocrx_word' id='word_1_152' title='bbox 743 3288 985 3351; x_wconf 75' lang='lat' dir='ltr'>rorient,</span> <span class='ocrx_word' id='word_1_153' title='bbox 1016 3296 1147 3340; x_wconf 88' lang='lat' dir='ltr'>tom.</span> <span class='ocrx_word' id='word_1_154' title='bbox 1179 3290 1247 3354; x_wconf 89' lang='lat'>11,</span> <span class='ocrx_word' id='word_1_155' title='bbox 1284 3306 1334 3356; x_wconf 89' lang='lat' dir='ltr'>p.</span> <span class='ocrx_word' id='word_1_156' title='bbox 1362 3295 1452 3343; x_wconf 71' lang='lat'>3⁴9</span> <span class='ocrx_word' id='word_1_157' title='bbox 1478 3307 1596 3357; x_wconf 88' lang='lat' dir='ltr'>sqq.</span> 
     </span>
    </p>
   </div>
   <div class='ocr_carea' id='block_1_5' title="bbox 739 3376 2986 3532">
    <p class='ocr_par' dir='ltr' id='par_1_6' title="bbox 739 3376 2986 3532">
     <span class='ocr_line' id='line_1_23' title="bbox 807 3376 2984 3444; baseline -0 -19"><span class='ocrx_word' id='word_1_158' title='bbox 807 3376 879 3442; x_wconf 79' lang='lat'>(3)</span> <span class='ocrx_word' id='word_1_159' title='bbox 910 3376 980 3426; x_wconf 87' lang='lat' dir='ltr'>1v</span> <span class='ocrx_word' id='word_1_160' title='bbox 1015 3376 1111 3443; x_wconf 87' lang='lat'>(11)</span> <span class='ocrx_word' id='word_1_161' title='bbox 1137 3378 1269 3428; x_wconf 67' lang='lat' dir='ltr'>Rau.</span> <span class='ocrx_word' id='word_1_162' title='bbox 1295 3394 1432 3430; x_wconf 82' lang='lat' dir='ltr'>xvn.</span> <span class='ocrx_word' id='word_1_163' title='bbox 1457 3386 1503 3431; x_wconf 66' lang='grc' dir='ltr'>Ι..</span> <span class='ocrx_word' id='word_1_164' title='bbox 1545 3408 1596 3418; x_wconf 88' lang='grc'>-</span> <span class='ocrx_word' id='word_1_165' title='bbox 1623 3380 1958 3431; x_wconf 74' lang='lat' dir='ltr'>Eri-averunt</span> <span class='ocrx_word' id='word_1_166' title='bbox 2000 3380 2375 3440; x_wconf 69' lang='lat' dir='ltr'>Manem-etheo,</span> <span class='ocrx_word' id='word_1_167' title='bbox 2397 3385 2598 3444; x_wconf 85' lang='lat' dir='ltr'>puncto</span> <span class='ocrx_word' id='word_1_168' title='bbox 2627 3377 2822 3430; x_wconf 82' lang='lat' dir='ltr'>cholem</span> <span class='ocrx_word' id='word_1_169' title='bbox 2847 3376 2984 3426; x_wconf 75' lang='lat' dir='ltr'>insi-</span> 
     </span>
     <span class='ocr_line' id='line_1_24' title="bbox 739 3456 2986 3532; baseline -0.001 -24"><span class='ocrx_word' id='word_1_170' title='bbox 739 3459 991 3523; x_wconf 81' lang='lat' dir='ltr'>gnientes</span> <span class='ocrx_word' id='word_1_171' title='bbox 1026 3458 1164 3509; x_wconf 80' lang='lat' dir='ltr'>hanc</span> <span class='ocrx_word' id='word_1_172' title='bbox 1197 3473 1383 3509; x_wconf 83' lang='lat' dir='ltr'>vocem</span> <span class='ocrx_word' id='word_1_173' title='bbox 1423 3459 1559 3523; x_wconf 59' lang='lat' dir='ltr'>MD,</span> <span class='ocrx_word' id='word_1_174' title='bbox 1598 3475 1718 3526; x_wconf 80' lang='lat' dir='ltr'>quae</span> <span class='ocrx_word' id='word_1_175' title='bbox 1752 3460 1865 3510; x_wconf 77' lang='lat' dir='ltr'>alia</span> <span class='ocrx_word' id='word_1_176' title='bbox 1904 3466 2106 3525; x_wconf 79' lang='lat' dir='ltr'>puncta</span> <span class='ocrx_word' id='word_1_177' title='bbox 2133 3460 2384 3510; x_wconf 82' lang='lat' dir='ltr'>obtinere</span> <span class='ocrx_word' id='word_1_178' title='bbox 2422 3466 2479 3509; x_wconf 81' lang='lat' dir='ltr'>et</span> <span class='ocrx_word' id='word_1_179' title='bbox 2516 3458 2629 3532; x_wconf 58' lang='lat'>⁸2?</span> <span class='ocrx_word' id='word_1_180' title='bbox 2662 3457 2768 3520; x_wconf 81' lang='lat' dir='ltr'>legi</span> <span class='ocrx_word' id='word_1_181' title='bbox 2804 3456 2986 3517; x_wconf 81' lang='lat' dir='ltr'>debet,</span> 
     </span>
    </p>
   </div>
   <div class='ocr_carea' id='block_1_6' title="bbox 608 3541 2989 3609">
    <p class='ocr_par' dir='ltr' id='par_1_7' title="bbox 608 3541 2989 3609">
     <span class='ocr_line' id='line_1_25' title="bbox 608 3541 2989 3609; baseline -0.001 -14"><span class='ocrx_word' id='word_1_182' title='bbox 608 3541 629 3545; x_wconf 72' lang='grc'><strong>”</strong></span> <span class='ocrx_word' id='word_1_183' title='bbox 741 3550 875 3595; x_wconf 83' lang='lat' dir='ltr'>teste</span> <span class='ocrx_word' id='word_1_184' title='bbox 919 3544 1097 3593; x_wconf 63' lang='lat' dir='ltr'>forma</span> <span class='ocrx_word' id='word_1_185' title='bbox 1141 3544 1387 3608; x_wconf 80' lang='lat' dir='ltr'>ejusdem</span> <span class='ocrx_word' id='word_1_186' title='bbox 1422 3545 1663 3596; x_wconf 75' lang='lat' dir='ltr'>nominis</span> <span class='ocrx_word' id='word_1_187' title='bbox 1705 3547 1762 3596; x_wconf 89' lang='lat' dir='ltr'>in</span> <span class='ocrx_word' id='word_1_188' title='bbox 1810 3545 2045 3596; x_wconf 77' lang='lat' dir='ltr'>textibus</span> <span class='ocrx_word' id='word_1_189' title='bbox 2083 3544 2399 3609; x_wconf 74' lang='lat' dir='ltr'>assyriacis,</span> <span class='ocrx_word' id='word_1_190' title='bbox 2441 3545 2497 3594; x_wconf 88' lang='lat' dir='ltr'>in</span> <span class='ocrx_word' id='word_1_191' title='bbox 2538 3544 2737 3609; x_wconf 81' lang='lat' dir='ltr'>quibus</span> <span class='ocrx_word' id='word_1_192' title='bbox 2784 3542 2989 3607; x_wconf 79' lang='lat' dir='ltr'>legitur</span> 
     </span>
    </p>
   </div>
   <div class='ocr_carea' id='block_1_7' title="bbox 740 3607 2983 3756">
    <p class='ocr_par' dir='ltr' id='par_1_8' title="bbox 740 3607 2983 3756">
     <span class='ocr_line' id='line_1_26' title="bbox 740 3607 2983 3756; baseline -0.012 -31"><span class='ocrx_word' id='word_1_193' title='bbox 740 3625 969 3740; x_wconf 59' lang='grc' dir='ltr'>ῘΖῘΣ</span> <span class='ocrx_word' id='word_1_194' title='bbox 1081 3607 1272 3756; x_wconf 64' lang='lat' dir='ltr'>OE</span> <span class='ocrx_word' id='word_1_195' title='bbox 1390 3628 1498 3740; x_wconf 52' lang='lat' dir='ltr'><strong><em>A</em></strong></span> <span class='ocrx_word' id='word_1_196' title='bbox 1607 3627 1774 3742; x_wconf 55' lang='grc' dir='ltr'>ἷζ-</span> <span class='ocrx_word' id='word_1_197' title='bbox 1837 3646 2477 3720; x_wconf 56' lang='grc' dir='ltr'>εῐςὲῑὲεεαῡ-ὐε.</span> <span class='ocrx_word' id='word_1_198' title='bbox 2517 3678 2581 3690; x_wconf 90' lang='grc'>-</span> <span class='ocrx_word' id='word_1_199' title='bbox 2627 3650 2708 3702; x_wconf 74' lang='lat' dir='ltr'>cr.</span> <span class='ocrx_word' id='word_1_200' title='bbox 2752 3651 2983 3710; x_wconf 64' lang='lat' dir='ltr'>cmm,</span> 
     </span>
    </p>
   </div>
   <div class='ocr_carea' id='block_1_8' title="bbox 739 3770 2988 3986">
    <p class='ocr_par' dir='ltr' id='par_1_9' title="bbox 739 3770 2988 3986">
     <span class='ocr_line' id='line_1_27' title="bbox 741 3770 2988 3838; baseline -0.001 -14"><span class='ocrx_word' id='word_1_201' title='bbox 741 3771 995 3824; x_wconf 67' lang='lat' dir='ltr'>Hemoire</span> <span class='ocrx_word' id='word_1_202' title='bbox 1039 3783 1139 3822; x_wconf 78' lang='lat' dir='ltr'>sm·</span> <span class='ocrx_word' id='word_1_203' title='bbox 1172 3772 1242 3821; x_wconf 76' lang='lat' dir='ltr'>les</span> <span class='ocrx_word' id='word_1_204' title='bbox 1272 3776 1527 3836; x_wconf 78' lang='lat' dir='ltr'>rapports</span> <span class='ocrx_word' id='word_1_205' title='bbox 1556 3771 1619 3823; x_wconf 83' lang='lat' dir='ltr'>cle</span> <span class='ocrx_word' id='word_1_206' title='bbox 1658 3773 1892 3838; x_wconf 74' lang='lat' dir='ltr'>1⁸qupte</span> <span class='ocrx_word' id='word_1_207' title='bbox 1935 3777 1983 3827; x_wconf 78' lang='lat' dir='ltr'>et</span> <span class='ocrx_word' id='word_1_208' title='bbox 2025 3774 2088 3826; x_wconf 85' lang='lat' dir='ltr'>de</span> <span class='ocrx_word' id='word_1_209' title='bbox 2117 3773 2373 3837; x_wconf 76' lang='lat' dir='ltr'>l&#39;Assyrie</span> <span class='ocrx_word' id='word_1_210' title='bbox 2402 3772 2538 3824; x_wconf 76' lang='lat' dir='ltr'>dans</span> <span class='ocrx_word' id='word_1_211' title='bbox 2575 3771 2890 3836; x_wconf 79' lang='lat' dir='ltr'>l&#39;antiquite&#39;,</span> <span class='ocrx_word' id='word_1_212' title='bbox 2930 3770 2988 3820; x_wconf 89' lang='lat' dir='ltr'>in</span> 
     </span>
     <span class='ocr_line' id='line_1_28' title="bbox 739 3843 2986 3912; baseline -0.001 -15"><span class='ocrx_word' id='word_1_213' title='bbox 739 3844 1022 3897; x_wconf 73' lang='lat' dir='ltr'>He&#39;moires</span> <span class='ocrx_word' id='word_1_214' title='bbox 1043 3843 1104 3894; x_wconf 86' lang='lat' dir='ltr'>de</span> <span class='ocrx_word' id='word_1_215' title='bbox 1129 3843 1442 3896; x_wconf 83' lang='lat' dir='ltr'>l’Acade‘mie</span> <span class='ocrx_word' id='word_1_216' title='bbox 1461 3846 1547 3897; x_wconf 85' lang='lat' dir='ltr'>des</span> <span class='ocrx_word' id='word_1_217' title='bbox 1567 3845 1939 3912; x_wconf 73' lang='lat' dir='ltr'>lmcriptcons,</span> <span class='ocrx_word' id='word_1_218' title='bbox 1965 3854 2101 3906; x_wconf 80' lang='lat'>1869.</span> <span class='ocrx_word' id='word_1_219' title='bbox 2115 3854 2377 3911; x_wconf 85' lang='lat' dir='ltr'>tom.v111,</span> <span class='ocrx_word' id='word_1_220' title='bbox 2399 3862 2453 3911; x_wconf 85' lang='lat' dir='ltr'>p.</span> <span class='ocrx_word' id='word_1_221' title='bbox 2474 3848 2584 3897; x_wconf 76' lang='lat'>534.</span> <span class='ocrx_word' id='word_1_222' title='bbox 2598 3873 2659 3885; x_wconf 90' lang='lat'><em>-</em></span> <span class='ocrx_word' id='word_1_223' title='bbox 2674 3844 2986 3908; x_wconf 71' lang='lat' dir='ltr'>Scuamsn,</span> 
     </span>
     <span class='ocr_line' id='line_1_29' title="bbox 747 3919 2987 3986; baseline -0.001 -16"><span class='ocrx_word' id='word_1_224' title='bbox 747 3919 847 3970; x_wconf 75' lang='lat' dir='ltr'>The</span> <span class='ocrx_word' id='word_1_225' title='bbox 865 3919 1160 3982; x_wconf 79' lang='lat' dir='ltr'>cuneisorm</span> <span class='ocrx_word' id='word_1_226' title='bbox 1180 3919 1547 3984; x_wconf 73' lang='lat' dir='ltr'>Inscriptions,</span> <span class='ocrx_word' id='word_1_227' title='bbox 1577 3920 1681 3971; x_wconf 80' lang='lat' dir='ltr'>vol.</span> <span class='ocrx_word' id='word_1_228' title='bbox 1710 3923 1750 3982; x_wconf 86' lang='lat'>1,</span> <span class='ocrx_word' id='word_1_229' title='bbox 1774 3936 1825 3986; x_wconf 89' lang='lat' dir='ltr'>p.</span> <span class='ocrx_word' id='word_1_230' title='bbox 1851 3928 1964 3975; x_wconf 81' lang='lat'>261.</span> <span class='ocrx_word' id='word_1_231' title='bbox 1988 3949 2048 3961; x_wconf 91' lang='lat'>—</span> <span class='ocrx_word' id='word_1_232' title='bbox 2066 3922 2179 3972; x_wconf 81' lang='lat' dir='ltr'>Nec</span> <span class='ocrx_word' id='word_1_233' title='bbox 2211 3929 2321 3972; x_wconf 77' lang='lat' dir='ltr'>tam</span> <span class='ocrx_word' id='word_1_234' title='bbox 2351 3921 2512 3985; x_wconf 79' lang='lat' dir='ltr'>longe</span> <span class='ocrx_word' id='word_1_235' title='bbox 2543 3919 2714 3970; x_wconf 72' lang='lat' dir='ltr'>distat</span> <span class='ocrx_word' id='word_1_236' title='bbox 2738 3919 2856 3970; x_wconf 80' lang='lat' dir='ltr'>hoec</span> <span class='ocrx_word' id='word_1_237' title='bbox 2890 3934 2987 3970; x_wconf 87' lang='lat' dir='ltr'>vox</span> 
     </span>
    </p>
   </div>
   <div class='ocr_carea' id='block_1_9' title="bbox 743 3994 2987 4151">
    <p class='ocr_par' dir='ltr' id='par_1_10' title="bbox 743 3994 2987 4151">
     <span class='ocr_line' id='line_1_30' title="bbox 745 3994 2983 4071; baseline 0.001 -25"><span class='ocrx_word' id='word_1_238' title='bbox 745 3994 859 4071; x_wconf 56' lang='lat'>&amp;29</span> <span class='ocrx_word' id='word_1_239' title='bbox 882 4004 1024 4049; x_wconf 82' lang='lat' dir='ltr'>recte</span> <span class='ocrx_word' id='word_1_240' title='bbox 1047 3998 1264 4063; x_wconf 79' lang='lat' dir='ltr'>punctis</span> <span class='ocrx_word' id='word_1_241' title='bbox 1284 3999 1498 4049; x_wconf 80' lang='lat' dir='ltr'>munita</span> <span class='ocrx_word' id='word_1_242' title='bbox 1518 4015 1551 4050; x_wconf 82' lang='lat' dir='ltr'>a</span> <span class='ocrx_word' id='word_1_243' title='bbox 1570 4016 1697 4051; x_wconf 82' lang='lat' dir='ltr'>voce</span> <span class='ocrx_word' id='word_1_244' title='bbox 1717 4003 2024 4067; x_wconf 73' lang='lat' dir='ltr'>aegyptiaca</span> <span class='ocrx_word' id='word_1_245' title='bbox 2048 3999 2458 4066; x_wconf 74' lang='lat' dir='ltr'>Schabak,apud</span> <span class='ocrx_word' id='word_1_246' title='bbox 2481 3999 2700 4049; x_wconf 74' lang='lat' dir='ltr'>Graecos</span> <span class='ocrx_word' id='word_1_247' title='bbox 2721 3999 2983 4059; x_wconf 78' lang='grc' dir='ltr'><strong>Σαὸακώς.</strong></span> 
     </span>
     <span class='ocr_line' id='line_1_31' title="bbox 743 4081 2987 4151; baseline 0 -19"><span class='ocrx_word' id='word_1_248' title='bbox 743 4083 858 4134; x_wconf 86' lang='lat' dir='ltr'>Vox</span> <span class='ocrx_word' id='word_1_249' title='bbox 895 4081 1044 4133; x_wconf 86' lang='lat' dir='ltr'>enim</span> <span class='ocrx_word' id='word_1_250' title='bbox 1088 4081 1415 4143; x_wconf 74' lang='lat' dir='ltr'>aegyptiaca,</span> <span class='ocrx_word' id='word_1_251' title='bbox 1457 4082 1538 4132; x_wconf 85' lang='lat' dir='ltr'>uti</span> <span class='ocrx_word' id='word_1_252' title='bbox 1577 4093 1808 4149; x_wconf 78' lang='lat' dir='ltr'>apparet</span> <span class='ocrx_word' id='word_1_253' title='bbox 1848 4086 1906 4135; x_wconf 90' lang='lat' dir='ltr'>in</span> <span class='ocrx_word' id='word_1_254' title='bbox 1952 4085 2141 4151; x_wconf 81' lang='lat' dir='ltr'>clypeo</span> <span class='ocrx_word' id='word_1_255' title='bbox 2184 4082 2369 4149; x_wconf 76' lang='lat' dir='ltr'>(vulgo</span> <span class='ocrx_word' id='word_1_256' title='bbox 2411 4081 2719 4146; x_wconf 75' lang='lat' dir='ltr'>carlouche)</span> <span class='ocrx_word' id='word_1_257' title='bbox 2757 4082 2987 4146; x_wconf 74' lang='lat' dir='ltr'>hujusce</span> 
     </span>
    </p>
   </div>
   <div class='ocr_carea' id='block_1_10' title="bbox 744 4209 2989 4275">
    <p class='ocr_par' dir='ltr' id='par_1_11' title="bbox 744 4155 2989 4329">
     <span class='ocr_line' id='line_1_32' title="bbox 744 4209 2989 4275; baseline -0.001 -14"><span class='ocrx_word' id='word_1_258' title='bbox 744 4209 913 4275; x_wconf 81' lang='lat' dir='ltr'>regis,</span> <span class='ocrx_word' id='word_1_259' title='bbox 1496 4210 1674 4262; x_wconf 83' lang='lat' dir='ltr'>tribus</span> <span class='ocrx_word' id='word_1_260' title='bbox 1711 4217 1926 4262; x_wconf 74' lang='lat' dir='ltr'>constat</span> <span class='ocrx_word' id='word_1_261' title='bbox 1951 4211 2153 4262; x_wconf 79' lang='lat' dir='ltr'>litteris</span> <span class='ocrx_word' id='word_1_262' title='bbox 2176 4211 2282 4275; x_wconf 76' lang='lat' dir='ltr'>soh,</span> <span class='ocrx_word' id='word_1_263' title='bbox 2313 4211 2341 4262; x_wconf 87' lang='lat' dir='ltr'><strong><em>b</em></strong></span> <span class='ocrx_word' id='word_1_264' title='bbox 2370 4216 2427 4261; x_wconf 81' lang='lat' dir='ltr'>et</span> <span class='ocrx_word' id='word_1_265' title='bbox 2450 4210 2500 4275; x_wconf 83' lang='lat' dir='ltr'>k,</span> <span class='ocrx_word' id='word_1_266' title='bbox 2530 4224 2765 4274; x_wconf 81' lang='lat' dir='ltr'>quarum</span> <span class='ocrx_word' id='word_1_267' title='bbox 2792 4210 2989 4259; x_wconf 80' lang='lat' dir='ltr'>ultima</span> 
     </span>
    </p>
   </div>
   <div class='ocr_carea' id='block_1_11' title="bbox 742 4336 2988 4713">
    <p class='ocr_par' dir='ltr' id='par_1_12' title="bbox 742 4336 2988 4713">
     <span class='ocr_line' id='line_1_33' title="bbox 745 4336 2988 4406; baseline -0 -18"><span class='ocrx_word' id='word_1_268' title='bbox 745 4337 894 4403; x_wconf 68' lang='lat' dir='ltr'>apud</span> <span class='ocrx_word' id='word_1_269' title='bbox 927 4338 1219 4402; x_wconf 80' lang='lat' dir='ltr'>AEthiopes</span> <span class='ocrx_word' id='word_1_270' title='bbox 1253 4339 1409 4404; x_wconf 73' lang='lat' dir='ltr'>quusi</span> <span class='ocrx_word' id='word_1_271' title='bbox 1447 4339 1716 4404; x_wconf 68' lang='lat' dir='ltr'>aspiratio</span> <span class='ocrx_word' id='word_1_272' title='bbox 1745 4341 1973 4406; x_wconf 77' lang='lat' dir='ltr'>propria</span> <span class='ocrx_word' id='word_1_273' title='bbox 2003 4347 2058 4391; x_wconf 82' lang='lat' dir='ltr'>et</span> <span class='ocrx_word' id='word_1_274' title='bbox 2092 4337 2423 4389; x_wconf 70' lang='lat' dir='ltr'>densissima</span> <span class='ocrx_word' id='word_1_275' title='bbox 2460 4342 2637 4386; x_wconf 74' lang='lat' dir='ltr'>sonat.</span> <span class='ocrx_word' id='word_1_276' title='bbox 2668 4336 2729 4385; x_wconf 89' lang='lat' dir='ltr'>In</span> <span class='ocrx_word' id='word_1_277' title='bbox 2767 4337 2988 4388; x_wconf 70' lang='lat' dir='ltr'>hebraea</span> 
     </span>
     <span class='ocr_line' id='line_1_34' title="bbox 742 4410 2987 4481; baseline 0.004 -20"><span class='ocrx_word' id='word_1_278' title='bbox 742 4426 871 4462; x_wconf 78' lang='lat' dir='ltr'>vero</span> <span class='ocrx_word' id='word_1_279' title='bbox 901 4411 1095 4476; x_wconf 76' lang='lat' dir='ltr'>lingua</span> <span class='ocrx_word' id='word_1_280' title='bbox 1133 4413 1220 4463; x_wconf 79' lang='lat' dir='ltr'>hoe</span> <span class='ocrx_word' id='word_1_281' title='bbox 1258 4420 1367 4464; x_wconf 74' lang='lat' dir='ltr'>tres</span> <span class='ocrx_word' id='word_1_282' title='bbox 1402 4414 1599 4465; x_wconf 73' lang='lat' dir='ltr'>litterae</span> <span class='ocrx_word' id='word_1_283' title='bbox 1639 4415 1718 4465; x_wconf 79' lang='lat' dir='ltr'>sic</span> <span class='ocrx_word' id='word_1_284' title='bbox 1756 4416 2156 4481; x_wconf 77' lang='lat' dir='ltr'>exprimuntur,</span> <span class='ocrx_word' id='word_1_285' title='bbox 2192 4415 2280 4465; x_wconf 77' lang='lat' dir='ltr'>sch</span> <span class='ocrx_word' id='word_1_286' title='bbox 2327 4427 2424 4477; x_wconf 81' lang='lat' dir='ltr'>per</span> <span class='ocrx_word' id='word_1_287' title='bbox 2454 4419 2507 4470; x_wconf 67' lang='lat' dir='ltr'><em>v</em></span> <span class='ocrx_word' id='word_1_288' title='bbox 2542 4410 2625 4460; x_wconf 70' lang='lat' dir='ltr'>vel</span> <span class='ocrx_word' id='word_1_289' title='bbox 2657 4421 2719 4469; x_wconf 66' lang='grc' dir='ltr'>Ο,</span> <span class='ocrx_word' id='word_1_290' title='bbox 2757 4411 2786 4462; x_wconf 78' lang='lat' dir='ltr'><strong><em>b</em></strong></span> <span class='ocrx_word' id='word_1_291' title='bbox 2828 4427 2923 4477; x_wconf 67' lang='lat' dir='ltr'>per</span> <span class='ocrx_word' id='word_1_292' title='bbox 2951 4424 2987 4470; x_wconf 74' lang='lat'>:1</span> 
     </span>
     <span class='ocr_line' id='line_1_35' title="bbox 745 4484 2988 4555; baseline 0 -19"><span class='ocrx_word' id='word_1_293' title='bbox 745 4501 841 4536; x_wconf 81' lang='lat' dir='ltr'>seu</span> <span class='ocrx_word' id='word_1_294' title='bbox 879 4497 921 4545; x_wconf 73' lang='grc' dir='ltr'>Ὶ.</span> <span class='ocrx_word' id='word_1_295' title='bbox 952 4493 1007 4536; x_wconf 82' lang='lat' dir='ltr'>et</span> <span class='ocrx_word' id='word_1_296' title='bbox 1039 4487 1071 4537; x_wconf 78' lang='lat' dir='ltr'><strong><em>k</em></strong></span> <span class='ocrx_word' id='word_1_297' title='bbox 1102 4502 1199 4550; x_wconf 84' lang='lat' dir='ltr'>per</span> <span class='ocrx_word' id='word_1_298' title='bbox 1228 4501 1265 4548; x_wconf 66' lang='lat'>&gt;³</span> <span class='ocrx_word' id='word_1_299' title='bbox 1292 4495 1387 4537; x_wconf 77' lang='lat' dir='ltr'>aut</span> <span class='ocrx_word' id='word_1_300' title='bbox 1414 4489 1675 4552; x_wconf 73' lang='lat' dir='ltr'>spiritum</span> <span class='ocrx_word' id='word_1_301' title='bbox 1707 4490 1892 4541; x_wconf 85' lang='lat' dir='ltr'>minus</span> <span class='ocrx_word' id='word_1_302' title='bbox 1920 4502 2197 4555; x_wconf 78' lang='lat' dir='ltr'>asperum,</span> <span class='ocrx_word' id='word_1_303' title='bbox 2234 4501 2430 4550; x_wconf 80' lang='lat' dir='ltr'>nempe</span> <span class='ocrx_word' id='word_1_304' title='bbox 2459 4493 2523 4542; x_wconf 65' lang='grc' dir='ltr'>κ.</span> <span class='ocrx_word' id='word_1_305' title='bbox 2559 4484 2818 4535; x_wconf 76' lang='lat' dir='ltr'>Manetho</span> <span class='ocrx_word' id='word_1_306' title='bbox 2847 4492 2988 4536; x_wconf 83' lang='lat' dir='ltr'>cete·</span> 
     </span>
     <span class='ocr_line' id='line_1_36' title="bbox 744 4559 2985 4632; baseline 0 -22"><span class='ocrx_word' id='word_1_307' title='bbox 744 4575 869 4610; x_wconf 80' lang='lat' dir='ltr'>rum</span> <span class='ocrx_word' id='word_1_308' title='bbox 912 4559 1160 4610; x_wconf 74' lang='lat' dir='ltr'>Schabak</span> <span class='ocrx_word' id='word_1_309' title='bbox 1203 4563 1453 4612; x_wconf 78' lang='lat' dir='ltr'>nominat</span> <span class='ocrx_word' id='word_1_310' title='bbox 1495 4564 1712 4632; x_wconf 77' lang='grc' dir='ltr'>Σευέχος</span> <span class='ocrx_word' id='word_1_311' title='bbox 1754 4579 1852 4616; x_wconf 72' lang='lat' dir='ltr'>neu</span> <span class='ocrx_word' id='word_1_312' title='bbox 1883 4566 2151 4628; x_wconf 73' lang='lat' dir='ltr'>Sevechm,</span> <span class='ocrx_word' id='word_1_313' title='bbox 2187 4562 2452 4625; x_wconf 72' lang='lat' dir='ltr'>Sebeohust,</span> <span class='ocrx_word' id='word_1_314' title='bbox 2487 4559 2633 4625; x_wconf 83' lang='lat' dir='ltr'>quod</span> <span class='ocrx_word' id='word_1_315' title='bbox 2677 4559 2791 4610; x_wconf 79' lang='lat' dir='ltr'>fere</span> <span class='ocrx_word' id='word_1_316' title='bbox 2840 4561 2985 4611; x_wconf 81' lang='lat' dir='ltr'>idem</span> 
     </span>
     <span class='ocr_line' id='line_1_37' title="bbox 746 4635 1166 4713; baseline -0.005 -21"><span class='ocrx_word' id='word_1_317' title='bbox 746 4646 905 4693; x_wconf 71' lang='lat' dir='ltr'>tonat</span> <span class='ocrx_word' id='word_1_318' title='bbox 932 4654 995 4691; x_wconf 82' lang='lat' dir='ltr'>ac</span> <span class='ocrx_word' id='word_1_319' title='bbox 1031 4635 1166 4713; x_wconf 58' lang='lat'>8212.</span> 
     </span>
    </p>
   </div>
  </div>
 </body>
</html>
