3719 5650
1572 717 2112 783 -171--

714 867 1011 973 probris
1073 864 1440 966 lacessiti,
1520 872 1947 950 Nectanebo
2012 872 2336 976 AEgypti
2405 897 2589 975 rege
2643 870 2960 974 aliisque

717 988 1207 1068 Phoenicibus
1255 990 1758 1089 hortantibuS,
1818 992 2023 1070 omni
2077 1018 2215 1095 ope
2261 999 2490 1094 atque
2539 1017 2768 1092 opera
2814 992 2960 1068 nisi

720 1111 900 1187 sunt
944 1112 1032 1186 ut
1086 1134 1134 1187 a
1186 1110 1445 1188 Persis
1499 1111 1945 1207 deficerent3
2008 1111 2309 1189 hostilis
2368 1112 2671 1214 injuriae
2728 1136 2957 1189 exor-

721 1229 930 1307 dium
980 1228 1126 1306 fuit
1171 1228 1602 1308 incendium
1638 1230 1969 1333 paradisi
2007 1231 2194 1334 regii
2232 1231 2310 1307 in
2364 1256 2511 1333 quo
2549 1232 2963 1309 Persarum

722 1374 939 1452 reges
976 1349 1349 1428 diversari
1386 1351 1755 1448 solebant,
1803 1357 1879 1429 et
1919 1351 2194 1430 excisio
2237 1354 2599 1429 arborum
2638 1352 2962 1454 hujusce

724 1468 958 1546 horti.
1009 1468 1166 1545 Ista
1208 1468 1610 1549 insolentia
1651 1474 2143 1550 exacerbatus
2186 1473 2654 1550 Artaxerxes
2702 1471 2961 1550 Ochus

721 1613 1130 1684 numerosa
1217 1589 1554 1690 peditum
1635 1594 1712 1667 et
1783 1590 2122 1693 equitum
2199 1590 2506 1693 agmina
2569 1590 2964 1693 Babylone

725 1711 1120 1786 contracta
1176 1707 1253 1784 in
1306 1708 1710 1787 Phoenices
1750 1713 2034 1787 movet.
2080 1711 2184 1788 At
2219 1710 2559 1806 Tenues»,
2608 1709 2962 1787 Sidonio-

728 1851 906 1903 rum
948 1826 1287 1928 reguIUS,
1324 1852 1562 1929 quum
1598 1827 1958 1905 audiisset
1997 1832 2281 1930 quanta
2318 1828 2392 1902 vi
2432 1826 2677 1903 hostis
2722 1825 2964 1903 immi-

730 1950 991 2040 neret,
1061 1946 1437 2048 privatam
1495 1947 1760 2025 salutis
1813 1946 2020 2025 viam
2086 1948 2223 2025 sibi
2288 1948 2479 2024 mire
2535 1948 2963 2045 constituit,

733 2067 1001 2151 urbem
1040 2065 1282 2167 ipsam
1323 2066 1675 2144 Sidonem
1713 2066 1878 2169 regi
1916 2067 2329 2144 Artaxerxi
2368 2066 2782 2170 proditione
2819 2074 2973 2146 tra-

737 2184 1004 2266 dendo.
1066 2186 1273 2263 Urbe
1323 2185 1561 2288 igitur
1617 2191 1878 2290 capta,
1939 2186 2264 2282 Sidonii,
2325 2185 2454 2288 qui
2518 2211 2751 2264 naves
2794 2188 2971 2264 uni-

738 2328 1002 2379 versas
1042 2309 1597 2401 cremaverant,
1622 2330 1717 2382 ne
1755 2305 1926 2408 quis
1970 2305 2334 2408 aufugere
2372 2309 2656 2408 posset,
2692 2305 2979 2408 seipsos

737 2448 909 2499 cum
937 2422 1189 2500 liberis
1227 2431 1304 2501 et
1340 2425 1708 2502 uxoribus
1746 2424 1947 2502 intra
1990 2425 2189 2502 aedes
2229 2424 2620 2521 conclusos
2658 2424 2982 2502 admotis

743 2541 1067 2618 fiammis
1129 2544 1568 2620 comburere
1636 2546 2116 2639 statuerunt3
2190 2544 2332 2620 hoc
2397 2567 2580 2620 vero
2637 2542 2982 2621 incendio

742 2665 1369 2762 consumptorum
1394 2687 1760 2740 numerus
1788 2662 2288 2764 quadraginta
2309 2660 2546 2738 millia
2571 2662 2985 2739 excessisse

741 2778 1019 2858 fertur.
1072 2779 1300 2858 Urbis
1352 2780 1666 2884 insuper
1702 2806 1985 2878 aream,
2027 2785 2197 2885 post
2243 2780 2438 2859 hanc
2486 2779 2803 2876 cladem,
2850 2806 2987 2859 rex

743 2900 1210 2977 Artaxerxes
1253 2925 1529 3004 magno
1568 2901 2027 2980 talentorum
2068 2901 2304 3006 pretio
2349 2901 2691 3000 vendidit
2729 2899 2876 3006 (1).

852 3021 1253 3116 Attamen,
1338 3020 1721 3100 fortunam
1813 3046 2262 3124 recuperare
2337 3020 2626 3099 studuit
2715 3020 2988 3097 iterum

751 3138 1017 3234 Sidon,
1076 3137 1349 3242 quippe
1403 3165 1609 3242 quae,
1653 3145 1846 3219 teste
1891 3140 2244 3244 Polybio,
2298 3139 2528 3216 talem
2572 3139 2990 3216 Ptolemaeo

750 3257 1178 3363 Philopatri
1232 3261 1584 3339 timorem
1637 3261 2040 3339 incusserit
2093 3265 2213 3356 ut,
2274 3259 2536 3362 positis
2596 3262 2771 3336 ante
2822 3284 2990 3336 eam

752 3378 1055 3472 castriS,
1100 3380 1746 3481 oppugnationem
1797 3379 2179 3481 suscipere
2225 3403 2376 3456 non
2421 3378 2521 3454 sit
2561 3403 2796 3455 ausus
2840 3374 2984 3483 (32).

664 3567 675 3580 ,,
754 3495 1136 3593 Ulterius,
1180 3497 1430 3575 Julius
1479 3499 1768 3594 Caesar,
1815 3497 2061 3600 quoad
2112 3523 2233 3575 res
2275 3496 2651 3600 Hyrcani,
2702 3495 2991 3572 litteras

760 3616 857 3692 ad
936 3615 1467 3718 magistratuS,
1554 3623 1901 3695 senatum
2003 3616 2512 3718 populumque
2600 3613 2992 3692 Sidonium

752 3734 985 3812 mittit
1059 3734 1219 3840 (3);
1293 3735 1563 3814 Strabo
1640 3735 2117 3838 splendorem
2190 3734 2398 3810 urbis
2463 3731 2620 3838 (4),
2694 3732 2989 3811 Plinius

756 3854 1135 3931 secundus
1180 3854 1500 3932 artificia
1554 3855 1816 3933 laudat
1863 3853 2024 3958 (5);
2073 3853 2514 3948 etiamnum,
2564 3854 2766 3955 Tyro
2822 3851 2992 3929 feli-

753 3971 935 4068 cior,
990 3976 1144 4049 stat
1200 3977 1276 4050 et
1331 3998 1686 4076 prospere
1736 3973 1939 4051 cedit
1993 3971 2141 4078 (6).
2190 3972 2567 4075 Quidquid
2616 3997 2793 4049 vero
2844 3971 2983 4066 sit,

814 4165 885 4229 (1)
917 4165 1072 4214 Dion.
1097 4163 1185 4214 Sic
1213 4200 1227 4223 ,
1255 4179 1370 4228 xvi,
1406 4168 1567 4217 ⁴145.

814 4242 888 4304 (2)
924 4240 1146 4296 Pomm„
1179 4253 1234 4299 V,
1267 4241 1347 4290 Ἡ).

814 4315 881 4380 (ῐῆ
917 4315 1352 4376 sossi-ansam.
1379 4310 1617 4375 Μαικία,
1643 4314 1738 4365 lib.
1767 4329 1878 4378 xiv,
1913 4317 2088 4376 10,39..

813 4390 890 4455 (1ο)
921 4389 1141 4451 Suum„
1176 4403 1287 4443 xvi.

812 4468 888 4528 (5)
920 4465 1094 4527 Pam„
1124 4462 1259 4515 llist.
1281 4462 1428 4527 Nat„
1461 4463 1554 4512 lib.
1584 4480 1639 4528 v,
1682 4469 1753 4516 ¹7.

815 4542 888 4605 (6)
928 4559 953 4587 α
980 4539 1052 4590 Le
1085 4539 1432 4590 Dominicain
1463 4539 1702 4590 Brocard
1733 4540 1817 4590 dit
1841 4555 1969 4591 avec
2000 4555 2062 4591 sa
2085 4540 2323 4607 justene
2371 4538 2652 4590 ordinaire
2696 4557 2707 4589 ε
2744 4557 2766 4587 ι
2798 4538 2991 4603 Sidon,

752 4629 953 4680 magna
979 4615 1109 4667 urbs
1147 4614 1466 4681 Phoeniciae,
1502 4614 1659 4680 cujus
1696 4615 2136 4682 magnitudinem
2181 4615 2362 4666 adhuc
2411 4614 2590 4665 ruinae
2638 4619 2990 4667 tenuatum...
