3719 5650
1685 728 2170 796 -66...

799 872 972 950 Nilo
1039 877 1338 957 Thebas
1426 882 1981 991 Memphinque
2061 892 2424 990 ceperunt
2486 884 3055 989 assyriacosque

804 993 1191 1092 praefectos
1226 998 1716 1103 fugaverunt.
1757 1005 1946 1090 Quae
1977 1004 2234 1082 statim
2272 1009 2358 1082 ut
2398 1002 2750 1107 cognovit
2767 1002 3056 1079 Assur-

801 1110 1129 1215 banipal,
1200 1143 1335 1221 per
1392 1120 1691 1224 Syriam
1755 1128 1832 1201 et
1894 1123 2436 1203 Mediterranei
2500 1122 2734 1201 maris
2800 1120 3057 1198 littora

801 1231 1217 1310 exercitum
1274 1237 1645 1317 adversus
1711 1242 2146 1345 AEgyptum
2215 1242 2545 1338 direxit,
2617 1240 2715 1319 ad
2789 1241 3054 1317 urbem

802 1348 1251 1431 Kar-Banit
1294 1357 1549 1436 hostes
1603 1360 2034 1458 debellavit,
2097 1361 2530 1464 Thebisque
2576 1360 2859 1465 potitus
2902 1363 3047 1436 est.

801 1466 995 1544 Tum
1051 1470 1428 1577 integram
1497 1478 1911 1581 regionem,
1978 1485 2204 1583 prout
2264 1487 2482 1581 pater
2535 1479 3046 1571 ordinaverat,

799 1581 1075 1664 iterum
1142 1594 1560 1691 constituit,
1614 1598 1958 1730 finesque
2019 1599 2388 1701 praesidiis
2436 1597 2791 1677 munivit.
2860 1593 3056 1681 Quia

803 1709 1055 1783 autem
1117 1709 1370 1788 hostes
1448 1739 1686 1816 usque
1749 1716 1829 1792 in
1902 1718 2383 1820 AEthiopiam
2446 1742 2598 1795 non
2659 1716 3054 1793 assecutus

805 1831 997 1920 erat,
1041 1836 1210 1930 post
1263 1833 1682 1914 discessum
1739 1838 1905 1941 ejus
1959 1841 2238 1917 iterum
2291 1840 2663 1917 adversus
2716 1839 3054 1938 potesta-

801 1946 955 2021 tem
1015 1950 1484 2053 assyriacam
1515 1967 1519 1971 “
1552 1956 1968 2035 insurrexit
2048 1960 2428 2055 Tharaca,
2520 1952 3055 2059 adjuvantibus

800 2067 1266 2173 principibus
1308 2075 1438 2178 qui
1477 2078 1546 2154 N
1554 2077 1779 2155 inivae
1820 2080 2193 2158 tributum
2232 2081 2652 2159 solvebant.
2710 2078 2815 2155 At
2843 2100 3054 2179 assy-

809 2188 994 2265 riaci
1046 2193 1416 2293 praefecti,
1487 2198 1578 2275 de
1632 2201 2153 2302 conjuratione
2204 2200 2380 2277 facti
2430 2199 2813 2290 certioreS,
2869 2218 3054 2271 non-

803 2306 1027 2384 nullis
1069 2312 1536 2416 principibus
1575 2321 1880 2394 catenas
1916 2318 2365 2419 injecerunt,
2408 2315 2731 2396 horridis
2768 2312 3054 2391 crucia·

801 2425 1003 2505 tibus
1055 2454 1180 2508 eos
1227 2432 1669 2532 affecerunt,
1716 2440 1791 2513 et
1833 2436 1913 2512 in
1962 2437 2391 2515 niniviticos
2445 2459 2784 2513 carceres
2824 2432 3056 2509 mise-

804 2548 1015 2640 runt,
1060 2555 1368 2653 excepto
1407 2553 1750 2648 Necha0‚
1793 2555 2174 2656 Memphis
2212 2580 2431 2658 rege,
2477 2553 2605 2656 qui
2643 2550 3054 2630 honoribus

803 2664 1391 2769 muneribusque
1430 2676 1749 2750 onustus
1788 2674 2009 2749 rediit
2048 2670 2196 2779 (l).
2227 2674 2526 2751 Interea
2562 2676 2817 2749 tamen
2855 2669 3053 2746 Tha·

806 2804 985 2858 raca
1017 2781 1096 2859 in
1143 2788 1620 2891 AEthiopiam
1657 2790 1956 2895 aufugit
2016 2792 2266 2896 ibique
2326 2793 2550 2897 paulo
2613 2796 2781 2894 post
2836 2788 3045 2869 obiit.

800 2899 1045 3008 Filius
1081 2930 1261 2983 vero
1300 2910 1504 3009 ejuS,
1550 2911 1994 3006 Urdamani,
2043 2913 2440 3015 potestatis
2483 2914 2734 2990 sedem
2772 2909 3051 2989 Thebis

801 3022 1224 3119 constituit,
1266 3026 1605 3131 Memphi
1666 3031 1952 3132 potitus
2016 3036 2158 3127 est,
2204 3031 2556 3134 Assyrios
2613 3029 3044 3134 superavit,

799 3135 1289 3246 inferiorique
1328 3147 1757 3227 dominatus
1798 3154 1916 3227 est
1951 3153 2294 3255 AEgypto
2327 3151 2470 3257 (2).
2509 3152 2830 3254 Cognita
2868 3174 3049 3227 vero

803 3279 896 3332 ex
949 3262 1192 3340 nuntii
1266 3267 1698 3345 testimonio
1763 3267 2013 3365 clade,
2082 3270 2644 3372 Assurbanipal
2717 3268 3048 3388 alterum

797 3379 1164 3461 adversus
1214 3388 1652 3490 AEgvptum
1709 3389 1988 3468 bellum
2043 3391 2238 3468 iniit.

904 3626 1116 3705 XXI.
1154 3674 1250 3686 —
1292 3630 1469 3708 Jam
1507 3630 1880 3732 imprimis
1923 3630 2272 3709 effectum
2312 3632 2600 3710 obtinet
2628 3630 2848 3710 Isaiae
2887 3656 3047 3733 pro-

799 3744 1053 3847 phetia
1128 3745 1220 3824 de
1268 3749 1638 3851 Assyria,
1698 3751 1814 3852 cuj
1832 3777 1918 3828 us
1986 3778 2024 3822 α(
2070 3776 2206 3827 rex
2261 3750 2479 3828 fortis
2543 3750 3053 3828 dominabitur

860 3952 941 4014 (1)
977 3952 1051 4001 De
1088 3953 1342 4003 mutabili
1370 3955 1827 4021 Assurbanipalis
1857 3959 2044 4008 animo
2078 3958 2148 4009 cf.
2172 3972 2292 4023 quae
2318 3958 2638 4009 referuntur
2659 3956 2777 4009 acl.
2789 3973 2838 4012 v,
2852 3957 3044 4009 Vmor}-

798 4041 963 4088 noux,
993 4030 1068 4078 La
1099 4027 1242 4080 Bible
1271 4031 1319 4080 et
1343 4034 1414 4081 tes
1448 4029 1793 4083 De'couverces
1822 4033 2116 4097 modernes,
2150 4039 2279 4084 tom.
2312 4032 2402 4093 IV,
2436 4046 2487 4096 p.
2520 4035 2695 4083 251-52
2702 4035 2747 4081 3.

857 4114 926 4177 (2)
959 4114 1089 4165 Haec
1138 4118 1384 4167 narratio
1430 4125 1543 4168 tota
1584 4119 1930 4169 contrahitur
1972 4136 2040 4170 ex
2090 4121 2228 4184 ipsiu
2260 4120 2709 4190 Assurbanipalis
2737 4116 3054 4168 Annalibus

794 4202 933 4253 quae,
957 4204 1125 4252 quum
1150 4190 1370 4253 longius
1387 4200 1532 4242 esset
1556 4208 1748 4242 eorum
1769 4199 1944 4244 textus
1975 4193 2239 4257 proferre,
2258 4192 2510 4244 invenire
2542 4192 2754 4262 poteris
2772 4192 2885 4241 sive
2907 4188 3054 4256 apud

793 4263 856 4312 G.
892 4263 1349 4329 smith,11istory
1378 4267 1443 4328 os
1465 4267 1877 4332 Assurbanipal,
1913 4284 1964 4335 p.
2005 4272 2088 4321 15-
2094 4273 2172 4327 30,
2207 4269 2322 4319 sivo
2352 4268 2499 4330 apud
2528 4256 2820 4322 Schrader.
2852 4266 3057 4316 Keilin-

794 4339 1120 4401 schristliche
1145 4339 1454 4405 Bibliothek,
1486 4342 1639 4391 Band
1671 4343 1736 4400 11,
1770 4358 1822 4408 p.
1859 4351 1913 4393 15
1923 4350 1948 4394 2
1977 4359 2095 4408 sqq.
2122 4370 2183 4382 —
2203 4343 2284 4393 Cf.
2311 4343 2548 4402 Orrnnr,
2575 4339 2831 4392 Me'moire
2859 4353 2959 4391 sur
2986 4338 3058 4391 les

796 4419 1053 4479 rapports
1072 4417 1133 4467 de
1158 4416 1397 4480 l‘Eyypte
1424 4421 1473 4470 et
1497 4417 1558 4469 de
1589 4417 1929 4484 l'Assyrie‚p.
1952 4419 2117 4479 3843,
2143 4424 2202 4470 80
2230 4434 2346 4484 sqq.
2376 4444 2440 4456 —
2468 4417 2533 4467 G.
2564 4415 2756 4474 Suirn,
2787 4415 3058 4480 quptian

799 4492 1105 4555 campaiqns
1139 4490 1203 4555 os
1224 4492 1581 4544 Esarhaddon
1620 4494 1729 4544 and
1761 4494 2163 4562 Assurbanipal
2218 4493 2274 4543 in
2314 4491 2656 4556 zeitschrift,
2698 4493 2842 4551 1858,
2879 4504 2932 4555 p.
2962 4491 3056 4542 91-

796 4568 876 4616 94.
907 4590 971 4603 -
1002 4566 1069 4615 G.
1122 4566 1477 4630 anuuson,
1526 4570 1627 4621 The
1657 4570 1764 4635 sive
1796 4571 1948 4634 areat
1978 4570 2331 4630 Monarchies,
2375 4568 2484 4618 vol.
2518 4565 2584 4626 11,
2615 4580 2669 4631 p.
2695 4568 2808 4625 201,
2838 4570 2952 4617 202.
2995 4593 3059 4603 -

795 4640 859 4691 G.
893 4640 1084 4702 Suu-11,
1114 4642 1339 4706 History
1371 4643 1433 4707 os
1453 4645 1701 4708 Assyria,
1733 4658 1785 4709 p.
1824 4646 1916 4695 135
1947 4657 2067 4708 sqq.
