3719 5650
1545 766 1638 776 —
1748 730 1900 797 183·
1985 764 2086 836 s—

685 887 773 961 ut
821 883 898 959 in
949 883 1391 986 interposito
1436 882 1810 961 versiculo
1848 882 1941 960 de
1979 884 2314 984 ejusdem
2354 883 2593 979 urbiS‚
2641 910 2790 963 non
2843 887 2935 963 de

684 1002 1124 1106 Babylonis,
1169 1002 1725 1081 calamitatibus
1763 1001 1994 1080 etiam
2034 1007 2335 1105 agatur.
2386 1046 2484 1061 —
2522 1001 2595 1109 b)
2636 1004 2928 1081 Nullibi

686 1118 1071 1199 invenitur
1093 1122 1373 1199 mentio
1400 1121 1587 1225 Tyri
1611 1123 1703 1199 ab
1733 1120 2068 1224 Assyriis
2101 1126 2375 1225 captae,
2415 1133 2586 1222 post
2616 1123 2929 1200 tertium

686 1238 1192 1318 Sennacherib
1248 1240 1524 1318 bellum
1562 1240 1936 1318 adversus
1990 1241 2450 1343 Babylonios
2512 1268 2531 1319 z
2587 1254 2846 1337 antea,
2893 1269 2934 1319 e

682 1366 978 1457 contra,
1009 1359 1207 1439 circa
1235 1386 1519 1438 annum
1538 1360 1731 1456 701,
1753 1359 2222 1439 Phoeniciam
2251 1361 2531 1438 invasit
2556 1366 2631 1439 et
2664 1362 2939 1440 Sidone

684 1478 969 1581 potitus
1007 1483 1120 1557 est
1173 1479 1708 1575 Sennacherib,
1753 1480 2030 1556 omissa
2071 1504 2385 1581 prorsus
2449 1481 2529 1558 in
2600 1481 2931 1585 inscrip-

684 1598 887 1675 tione
922 1599 1106 1702 Tyri
1146 1602 1352 1677 sorte
1391 1596 1536 1703 (1).
1569 1643 1673 1657 —
1717 1599 1789 1704 c)
1831 1600 1920 1676 In
1949 1598 2095 1675 hac
2135 1598 2567 1702 hypothesi,
2615 1604 2930 1703 septua-

680 1716 907 1817 ginta·
931 1743 1303 1796 annorum
1340 1718 1418 1794 in
1457 1717 1830 1797 versiculo
1886 1718 2173 1796 decimo
2212 1724 2480 1797 octavo
2519 1719 2935 1797 relatorum

683 1837 1202 1941 interpretatio
1242 1862 1444 1916 mere
1480 1837 1880 1915 arbitraria
1918 1838 2172 1915 evadit
2201 1836 2348 1943 (2).

788 2071 1143 2151 LXXIV.
1205 2117 1309 2131 —
1363 2072 1470 2179 B)
1520 2071 1666 2150 Alii
1718 2078 2096 2169 auctoreS,
2133 2079 2220 2152 ut
2277 2071 2677 2170 Gesenius,
2722 2075 2921 2153 Um-

684 2192 906 2288 breit,
967 2191 1294 2285 Knobel,
1364 2217 1516 2269 non
1583 2191 1996 2295 Babylonis
2066 2192 2538 2270 eversionem
2605 2218 2652 2269 a
2706 2194 2929 2271 Nini-

685 2310 865 2389 vitis
904 2311 1181 2389 factam
1216 2311 1317 2387 ibi
1358 2311 1780 2405 inveniunt,
1826 2310 1958 2388 sed
1994 2335 2034 2388 e
2074 2317 2336 2389 contra
2381 2311 2791 2415 Babylonis
2830 2316 2922 2390 ab

680 2429 1020 2534 Assyriis
1102 2431 1425 2508 conditae
1517 2428 2016 2525 mentionem,
2092 2430 2554 2507 versiculum
2618 2433 2933 2509 tertium

684 2551 1061 2629 decimum
1118 2551 1259 2630 hoc
1309 2551 1531 2628 modo
1586 2548 2176 2652 interpretantes
2237 2577 2255 2627 :
2325 2581 2361 2622 «
2424 2550 2547 2629 hic
2606 2552 2932 2655 populus

679 2674 903 2748 antea
964 2695 1115 2748 non
1168 2675 1336 2748 erat
1374 2668 1727 2773 populus3
1789 2668 2086 2771 Assyrii
2142 2694 2307 2748 eam
2346 2667 2663 2775 (terram
2702 2670 2936 2749 Chal-

682 2789 1050 2895 daeorum)
1089 2788 1549 2869 deserticolis
1598 2793 2093 2892 paraverunt,
2155 2820 2191 2864 »
2250 2788 2324 2867 id
2365 2795 2484 2868 est
2525 2789 2926 2887 Chaldaeis,

690 2910 818 3012 qui
847 2911 1203 2988 nomades
1230 2914 1448 2988 erant
1484 2916 1561 2987 et
1601 2909 1903 2987 sedibus
1934 2908 2239 2987 incertis
2267 2936 2401 3013 per
2435 2909 2602 2988 loca
2629 2912 2935 2989 deserta

685 3031 1070 3125 errabant,
1115 3030 1308 3106 fixas
1347 3029 1562 3106 sedes
1601 3026 2210 3131 assignaverunt.
2255 3029 2637 3108 Versiculi
2677 3035 2930 3109 autem

686 3148 912 3225 finem
969 3149 1061 3225 de
1109 3147 1347 3225 variis
1406 3147 1913 3225 obsidionibus
1966 3148 2238 3249 quibus
2293 3147 2586 3250 Assyrii
2642 3150 2932 3251 Tyrum

683 3266 1138 3362 cinxerunt,
1204 3267 1801 3370 interpretantur
1841 3264 1989 3373 (3).

794 3385 982 3462 Haec
1018 3410 1199 3463 vero
1263 3384 1689 3489 explanatio
1735 3383 2153 3463 nullimode
2191 3384 2627 3488 accipienda
2664 3390 2808 3464 est.
2855 3385 2932 3467 Si

685 3506 885 3583 enim
908 3551 1001 3561 -—
1029 3507 1111 3612 a)
1143 3506 1471 3609 priorem
1510 3504 1868 3582 versiculi
1893 3509 2188 3607 partem
2216 3506 2597 3602 attendas,
2625 3511 2932 3610 praeter-

690 3648 916 3726 quam
937 3625 1133 3727 quod
1154 3623 1574 3702 istiusmodi
1602 3623 2031 3726 explanatio
2062 3648 2233 3701 cum
2257 3624 2623 3702 historica
2654 3624 2927 3702 notitia

747 3842 815 3903 (1)
849 3858 877 3888 «
920 3844 999 3891 3⁴.
1036 3840 1096 3889 In
1128 3840 1291 3889 tertia
1327 3854 1450 3888 mea
1474 3838 1819 3904 expeditione
1856 3837 2068 3902 perrexi
2123 3837 2180 3886 in
2229 3843 2431 3886 terram
2479 3837 2648 3899 Hatti,
2679 3840 2759 3889 35.
2787 3838 2935 3896 Lali,

687 3930 871 3979 regem
906 3914 1057 3965 urbis
1081 3913 1304 3964 Sidonis
1331 3922 1507 3963 terror
1542 3912 1854 3978 splendoris
1881 3915 1963 3963 36.
1995 3912 2302 3977 majestatis
2347 3928 2484 3964 meae
2525 3914 2852 3979 compressit
2880 3920 2937 3964 et

689 3995 846 4059 longe
876 3994 1037 4059 (alias
1067 4011 1079 4041 ε
1113 4008 1171 4042 ex
1195 3993 1377 4042 medio
1407 3991 1733 4042 occidentali
1766 3999 1913 4041 terra
1943 3991 1996 4040 in
2030 3997 2234 4040 terram
2266 3991 2529 4057 Cyprum)
2557 3993 2635 4042 37.
2670 3993 2723 4041 in
2758 3990 2933 4040 medi·

688 4086 779 4121 um
813 4084 964 4120 mare
989 4067 1175 4133 aufugi
1218 4084 1232 4119 z
1274 4075 1403 4118 tunc
1428 4066 1637 4131 subjeci
1665 4081 1819 4115 suam
1848 4075 2072 4129 terram,
2103 4069 2182 4116 38.
2206 4080 2463 4130 magnam
2496 4067 2774 4126 Sidonem,
2807 4081 2938 4130 par-

689 4159 809 4194 vam
844 4143 1122 4194 Sidonem.
1153 4146 1211 4192 39
1229 4140 1458 4205 Remini,
1484 4140 1733 4204 Sarepta,
1763 4138 2084 4199 Mahalliba,
2105 4143 2184 4190 100.
2211 4140 2415 4204 Hosah,
2436 4140 2627 4199 Aksib,
2653 4140 2880 4189 Accom.
2906 4158 2932 4186 n

694 4221 898 4285 Taylor
924 4217 1239 4284 Cylindrus,
1268 4218 1372 4268 col.
1401 4216 1467 4266 11.
1492 4243 1555 4256 —
1588 4215 1668 4266 Cf.
1690 4215 2001 4274 Scuaansa,
2030 4216 2360 4268 Keilinsclaer.
2383 4215 2662 4278 Biblioth„
2688 4215 2838 4264 Band
2865 4215 2934 4279 11,

690 4311 741 4360 p.
762 4299 841 4346 91.
871 4321 935 4333 —
969 4294 1026 4348 Π.
1060 4293 1144 4356 Ρ.,
1172 4293 1276 4344 vol.
1305 4293 1345 4355 1,
1371 4297 1528 4358 p.85;
1560 4307 1655 4356 vu,
1680 4307 1730 4356 p.
1761 4294 1841 4343 59.

656 4401 689 4470 e*
750 4387 813 4444 (ἰ)
856 4383 931 4432 De
955 4383 1057 4433 hac
1085 4382 1318 4445 theoria,
1340 4380 1411 4431 cf.
1434 4383 1677 4441 Cunna,
1704 4379 1810 4433 The
1844 4378 2165 4446 propliecies
2208 4377 2276 4443 os
2311 4377 2520 4442 Isaialz,
2554 4376 2721 4441 vohl,
2754 4393 2806 4443 p.
2827 4379 2936 4429 139.

634 4469 747 4530 ..'···
780 4457 1010 4515 Dmvsn,
1033 4455 1221 4508 Isaiah
1245 4470 1259 4505 .-
1286 4455 1375 4508 his
1392 4453 1511 4519 Life
1534 4454 1653 4506 and
1693 4454 1890 4513 Times,
1923 4468 1974 4518 p.
1999 4456 2241 4511 105,106.

753 4547 833 4608 (3)
883 4545 1037 4594 Hanc
1088 4542 1600 4608 interpretationem
1643 4541 1863 4606 longius
1907 4540 2182 4590 evolutam
2232 4539 2478 4592 invenies
2528 4539 2674 4604 apud
2723 4540 2941 4590 Roseu-

691 4619 909 4681 muller‚
934 4618 1158 4673 Scholia
1183 4619 1245 4670 in
1284 4617 1382 4671 Vel.
1415 4619 1571 4682 Test„
1598 4625 1740 4683 part.
1769 4616 1864 4680 111,
1891 4614 1997 4666 vol.
2025 4615 2091 4673 11,
2118 4630 2170 4680 p.
2199 4618 2286 4666 187
2311 4630 2432 4681 sqq.
