3719 5650
1632 723 2173 791 —150—

885 878 1237 956 Primum
1265 878 1683 955 notandum
1712 883 1828 954 est
1856 878 2294 980 hujusmodi
2328 904 2495 957 esse
2528 887 3025 960 monumenta

777 1024 944 1101 quae
1001 996 1578 1098 descripsimuS,
1624 999 1711 1072 ut
1771 1020 2032 1073 eorum
2086 998 2748 1077 authenticitatem
2803 1026 3023 1078 nemo

773 1141 1054 1218 negare
1090 1121 1347 1217 queat.
1394 1115 1591 1194 Sunt
1628 1115 1830 1193 enim
1868 1115 2209 1217 ipsorum
2249 1143 2515 1221 regum
2558 1121 2787 1221 jussu
2846 1121 3016 1198 ins-

773 1234 991 1337 cripti
1038 1232 1414 1327 Annales3
1486 1235 1722 1309 immo
1785 1234 2116 1311 alterum
2166 1236 2700 1314 documentum
2730 1301 2747 1334 ,
2823 1241 3022 1342 quod

770 1355 953 1458 Cyri
1033 1353 1405 1431 mandatis
1461 1379 1504 1429 a
1578 1353 1979 1430 chaldaicis
2050 1355 2569 1433 sacerdotibus
2637 1358 3016 1459 prolatum

767 1481 906 1568 est,
952 1474 1230 1550 nedum
1266 1472 1390 1550 vel
1428 1472 1818 1550 minimam
1869 1497 2123 1551 secum
2168 1475 2672 1576 suspicionem
2710 1479 3001 1575 trahat,

763 1596 988 1700 primi
1028 1593 1377 1673 laterculi
1415 1596 1884 1689 narratione,
1931 1619 2238 1697 prorsus
2287 1602 2680 1693 extranea,
2736 1602 3013 1678 confir-

762 1721 1040 1793 matur.
1085 1714 1265 1790 Tria
1300 1718 1555 1790 tamen
1595 1713 1839 1815 quoad
1878 1713 2040 1790 haec
2086 1716 2555 1794 observanda
2593 1723 2781 1796 sunt
2828 1744 2844 1796 :

867 1977 1069 2055 LIX.
1115 2021 1220 2031 —-
1269 1976 1342 2080 1)
1398 1973 1934 2077 Inscriptiones
1973 1978 2144 2077 post
2184 1979 2488 2076 captam
2528 1976 2794 2051 urbem
2831 2000 3004 2051 con-

760 2096 973 2171 fectae
1014 2097 1218 2189 sunt,
1269 2119 1416 2195 quo
1470 2097 1806 2195 tempore
1874 2092 2051 2169 belli
2111 2093 2444 2171 cladibus
2507 2118 2655 2195 pax
2703 2119 3009 2170 succes-

760 2222 1007 2308 serat;
1052 2238 1204 2290 non
1253 2236 1431 2313 ergo
1490 2209 1851 2287 miremur
1910 2212 2106 2312 quod
2164 2211 2528 2311 gaudium
2582 2211 3001 2291 redoleant.

754 2334 1142 2409 Praeterea
1204 2330 1449 2434 patria
1525 2329 1849 2430 quadam
1913 2331 2265 2432 superbia
2327 2330 2445 2434 (l)
2505 2330 3007 2407 trahebantur

752 2449 1117 2529 chaldaici
1181 2449 1485 2544 scribae,
1554 2452 1636 2524 ut
1694 2448 1996 2525 ruinam
2059 2473 2204 2550 qua
2257 2449 2400 2551 ipsi
2466 2451 2699 2526 etiam
2747 2450 2999 2527 obruti

753 2574 999 2663 erant,
1036 2571 1408 2669 quantum
1442 2570 1817 2668 poterant,
1854 2566 2287 2644 reticerent.
2327 2567 2526 2644 Hinc
2563 2593 2656 2644 ex
2686 2592 2771 2644 eo
2805 2568 3005 2669 quod

752 2713 875 2765 res
933 2685 1373 2787 singillatim
1440 2711 1592 2762 non
1659 2689 2101 2776 narrentur,
2163 2685 2509 2762 concludi
2560 2685 2824 2788 nequit
2874 2712 3002 2764 eas

749 2804 1272 2906 inscriptiones
1319 2801 1436 2881 vel
1505 2802 1872 2881 indirecte
1919 2803 2183 2882 Bibliis
2242 2804 2780 2908 veteribusque
2835 2805 3000 2885 his-

747 2925 1003 3002 toricis
1042 2923 1574 3001 contradicere.
1620 2923 1967 3025 Insuper,
2022 2924 2219 3026 quod
2269 2950 2408 3002 rex
2456 2925 2704 3026 Cyrus
2766 2925 2991 3003 facil-

744 3045 951 3139 lime,
998 3070 1092 3122 ex
1131 3044 1708 3145 inscriptionum
1758 3047 2007 3134 textu,
2059 3046 2247 3122 urbe
2303 3045 2587 3146 potitus
2627 3046 2763 3143 sit,
2809 3045 2996 3124 nihil

743 3167 1050 3243 obstant
1100 3164 1519 3266 prophetae,
1588 3164 1716 3264 qui
1769 3164 2142 3240 exercitus
2193 3169 2269 3240 et
2311 3164 2518 3267 regis
2560 3165 2992 3268 babylonici

741 3284 905 3362 vim
932 3282 1296 3360 extollere
1320 3282 1757 3360 nullatenus
1789 3282 2120 3363 student.
2154 3283 2475 3360 Videtur
2505 3283 2705 3359 enim
2738 3287 2993 3363 Nabo-

741 3403 965 3479 nidus
1005 3404 1084 3478 in
1126 3401 1332 3478 urbis
1384 3403 1604 3477 Tima
1660 3424 1959 3478 secessu
2015 3427 2171 3502 pree
2226 3402 2564 3480 hostium
2615 3408 2689 3480 et
2738 3403 2987 3481 rebel-

740 3522 933 3599 lium
983 3521 1263 3598 civium
1328 3520 1606 3597 timore
1670 3519 1993 3622 degenS,
2058 3520 2182 3597 ille
2248 3546 2380 3598 rex
2447 3547 2614 3599 esse
2681 3523 2772 3600 de
2839 3547 2987 3624 quo

736 3641 1109 3718 Jeremias
1155 3665 1173 3717 ι
1227 3669 1263 3709 ‹<
1319 3639 1638 3716 Audivit
1690 3663 1824 3715 rex
1881 3638 2292 3739 Babylonis
2346 3640 2629 3717 famam
2685 3665 2977 3737 eorum,

738 3763 812 3837 et
864 3758 1250 3835 dissolutae
1310 3760 1488 3835 sunt
1538 3781 1810 3834 manus
1851 3758 2056 3858 ejus3
2118 3758 2481 3858 angustia
2540 3759 2984 3861 apprehen—

738 3877 847 3954 dit
918 3901 1139 3970 eum,
1207 3875 1416 3952 dolor
1494 3875 1709 3977 quasi
1785 3874 2334 3978 parturientem
2410 3875 2557 3980 (2).
2642 3907 2678 3950 >
2767 3877 2984 3980 Rege

734 3998 1073 4086 absente,
1117 3994 1463 4072 fortiores
1511 4019 1663 4071 non
1719 4002 2095 4097 apparent
2142 3993 2408 4096 copiae,
2471 4020 2607 4072 nec
2649 3995 2977 4075 multum

733 4113 1091 4194 differunt
1146 4113 1272 4216 qui
1322 4115 1497 4189 ante
1546 4112 1855 4190 victoris
1920 4112 2130 4189 ducis
2189 4113 2412 4215 pedes
2479 4115 2981 4214 procumbunt

731 4234 825 4311 ab
881 4232 973 4309 iis
1028 4257 1212 4336 quos
1270 4231 1376 4308 ita
1413 4232 1798 4335 vituperat
1841 4231 2222 4310 Jeremias
2295 4258 2310 4308 :
2374 4262 2411 4304 a<
2461 4231 2977 4311 Cessaverunt

788 4457 860 4519 (ι)
889 4453 969 4503 Cf.
999 4455 1337 4516 vmouaovx,
1370 4451 1438 4503 La
1472 4451 1619 4504 Bible
1645 4455 1693 4504 et
1714 4451 1783 4503 les
1808 4451 2155 4504 tte-'couvertes
2183 4450 2481 4512 moderna,
2506 4457 2637 4502 tom.
2667 4451 2754 4510 IV,
2779 4467 2831 4516 p.
2860 4455 2972 4514 46¹,

731 4533 838 4580 ⁴62.

794 4621 857 4676 (2)
879 4617 1022 4678 δελ,
1048 4632 1100 4677 L,
1131 4617 1208 4665 43.
