3719 5650
1699 661 2233 731 -160—

847 818 925 895 in
964 818 1483 914 solitudinem;
1541 823 1784 899 omnis
1836 822 1961 926 qui
2020 822 2372 900 transibit
2428 848 2561 926 per
2623 824 3089 929 Babylonem

686 1018 692 1024 ,
845 937 1205 1041 stupebit,
1263 945 1341 1018 et
1389 940 1723 1018 sibilabit
1770 966 1994 1044 super
2051 940 2428 1018 universis
2492 942 2734 1046 plagis
2784 946 3083 1046 ejus...

846 1057 1234 1142 Quomodo
1290 1084 1513 1137 versa
1572 1064 1686 1137 est
1755 1059 1834 1136 in
1898 1062 2288 1139 desertum
2353 1061 2697 1163 Babylon
2766 1062 2846 1139 in
2901 1088 3121 1165 gen«

846 1176 1204 1261 tibusss...
1249 1181 1352 1257 Et
1386 1180 1537 1257 erit
1577 1180 1921 1282 Babylon
1961 1180 2038 1255 in
2093 1179 2459 1277 tumuIOS,
2504 1180 2869 1259 habitatio
2900 1183 3082 1259 dra-

845 1320 1148 1394 conum,
1209 1303 1475 1402 stupor
1530 1305 1607 1377 et
1667 1298 1958 1393 sibiluS‚
2027 1323 2112 1375 eo
2173 1298 2368 1400 quod
2405 1323 2565 1388 ,non
2629 1299 2728 1377 sit
2777 1300 3082 1377 habita-

842 1421 1098 1498 tor....
1147 1419 1536 1505 Quomodo
1580 1419 1781 1497 facta
1820 1423 1934 1496 est
1967 1420 2045 1495 in
2080 1423 2464 1520 stuporem
2498 1418 2844 1523 Babylon
2887 1420 3090 1498 inter

846 1535 1279 1617 Gentesl...
1338 1539 1595 1615 Factae
1651 1542 1834 1614 sunt
1894 1537 2243 1615 civitates
2301 1537 2467 1639 ejus
2528 1538 2604 1615 in
2667 1544 3101 1640 stuporem„

847 1667 1057 1733 terra
1092 1656 1632 1734 'inhabitabilis
1698 1662 1776 1734 et
1833 1658 2160 1751 deserta,
2213 1660 2414 1733 terra
2478 1657 2556 1733 in
2620 1682 2772 1758 qua
2834 1655 3087 1733 nullus

842 1773 1169 1871 habitet,
1265 1800 1405 1853 nec
1478 1780 1816 1855 transeat
1888 1801 2022 1879 per
2098 1800 2267 1852 eam
2342 1774 2542 1853 filius
2620 1774 3080 1852 hominis...

842 1893 1203 1971 Vastavit
1253 1894 1624 1972 Dominus
1681 1896 2280 1999 Babylonem....
2337 1894 2616 1972 Murus
2670 1894 3084 1997 Babylonis

842 2011 969 2090 ille
1018 2011 1435 2092 latissimus
1491 2014 1940 2093 suffossione
1982 2014 2460 2111 suffodietur,
2524 2023 2603 2094 et
2641 2020 2878 2119 portae
2924 2016 3085 2118 ejus

845 2133 1165 2210 excelsae
1212 2134 1369 2237 igni
1422 2136 1989 2230 comburentur,
2047 2138 2122 2211 et
2157 2134 2451 2211 labores
2494 2133 2942 2237 populorum
2987 2134 3085 2210 ad

842 2249 1189 2339 nihilum.
1256 2256 1332 2330 et
1392 2253 1739 2356 gentium
1807 2255 1888 2330 in
1957 2252 2214 2356 ignem
2290 2257 2540 2349 erunt,
2617 2258 2693 2330 et
2757 2250 3086 2354 disperi-

842 2371 1032 2448 bunt
1069 2370 1216 2476 (1).
1285 2402 1322 2445 >

947 2614 1189 2692 LXV.
1235 2659 1336 2673 -—
1395 2615 1753 2717 Ignavior
1781 2614 2027 2694 fuerat
2056 2616 2432 2721 Babylon,
2472 2662 2576 2676 —-
2616 2621 2878 2719 utpote
2915 2642 3080 2719 quae

842 2732 1089 2809 subito
1137 2733 1221 2810 in
1271 2733 1722 2812 deditionem
1762 2734 1944 2839 Cyri
1996 2738 2314 2831 venerit,
2362 2782 2457 2793 —
2522 2760 2745 2839 quam
2786 2741 2875 2812 ut
2912 2744 3077 2812 sta-

839 2854 977 2931 tim
1015 2853 1503 2933 dilaberetur.
1546 2856 1917 2957 Tempore
1962 2856 2350 2950 Herodoti,
2397 2856 2527 2960 qui
2577 2879 2744 2934 eam
2796 2855 3083 2931 invise-

837 2973 968 3049 bat
1022 2972 1566 3074 florentemque
1630 2972 2124 3068 describebat,
2187 2976 2436 3053 adhuc
2504 2998 2865 3077 prospera
2923 2976 3080 3051 erat

840 3092 1054 3186 urbs,
1110 3117 1278 3197 quae
1342 3091 1736 3194 splendore
1777 3096 1854 3170 et
1899 3090 2316 3170 incolarum
2364 3092 2842 3170 multitudine
2882 3095 3083 3168 cete-

841 3235 968 3289 ras
1025 3212 1210 3289 adeo
1281 3210 1752 3302 devincebat,
1823 3216 1906 3288 ut
1965 3211 2245 3289 domini
2303 3212 2860 3306 tantummodO,
2931 3234 3081 3287 non

839 3355 1019 3408 vero
1068 3335 1316 3408 status
1374 3334 1450 3407 et
1495 3331 1675 3407 ordo
1723 3355 2007 3426 rerum,
2064 3332 2341 3409 mutati
2392 3357 2561 3410 esse
2599 3330 3073 3409 viderentur.

836 3449 1084 3552 Regio
1131 3448 1380 3526 vicina
1428 3448 1612 3527 adeo
1661 3449 1926 3552 opibus
1973 3453 2050 3527 et
2110 3449 2594 3528 facultatibus
2650 3448 3082 3527 abundabat

839 3575 926 3648 ut
976 3596 1109 3674 per
1152 3575 1474 3673 quatuor
1524 3571 1894 3672 cujusque
1936 3570 2113 3648 anni
2152 3595 2444 3648 menses
2495 3594 2754 3672 regem
2804 3570 3082 3646 Persa-

838 3715 1037 3786 rum,
1101 3713 1270 3767 cum
1344 3689 1521 3768 aula
1596 3694 1675 3767 et
1752 3690 2120 3785 exercita,
2200 3696 2626 3769 sustentare
2716 3695 2792 3768 et
2882 3688 3080 3767 alere

839 3813 1093 3911 posset
1137 3806 1284 3912 (2).
1356 3811 1458 3887 At
1505 3810 1663 3912 ipse
1716 3807 1965 3913 Cyrus
2007 3808 2470 3914 Babylonem
2517 3809 2902 3889 debilitare
2954 3807 3079 3884 in-

837 3927 1063 4029 cepit,
1109 3952 1341 4028 quum
1384 3928 1580 4005 Susa
1617 3939 1697 4007 et
1740 3930 2131 4008 Ecbatana
2167 3930 2521 4010 condidit.

944 4046 1222 4122 Darius
1279 4050 1542 4148 postea
1606 4049 1979 4151 Babyloni
2052 4048 2376 4151 amplius
2448 4047 2730 4126 nocuit.
2795 4048 3080 4150 Utpote

841 4164 1074 4242 unius
1127 4164 1247 4243 dei
1292 4164 1531 4242 cultui
1573 4167 2137 4246 addictissimus
2174 4175 2363 4262 erat,
2411 4193 2594 4271 erga
2641 4166 3081 4271 babylonica

813 4284 1146 4361 *numina
1202 4283 1495 4362 nullum
1548 4285 1886 4363 studium
1952 4286 2239 4364 habuit.
2306 4287 2689 4365 Praeterea
2745 4288 2876 4363 vix
2939 4285 3079 4363 im-

904 4466 973 4530 (1)
1006 4466 1149 4529 an„
1182 4482 1312 4532 xxV,
1345 4472 1496 4528 ¹2;1..
1533 4473 1606 4528 10,
1634 4472 1709 4524 ¹2.
1736 4473 1812 4531 ¹3,
1852 4476 1937 4534 233
1966 4486 2031 4533 m,
2056 4475 2133 4533 37,
2158 4475 2236 4530 4¹,
2268 4475 2345 4535 43,
2367 4475 2444 4534 55,
2467 4476 2544 4522 58.

902 4557 971 4620 (2)
1002 4557 1063 4607 D.
1093 4557 1411 4620 Fannium«,
1439 4557 1521 4612 On
1552 4557 1776 4625 Prople„
1806 4575 1855 4624 p.
1879 4564 1991 4610 2¹2.

1734 4797 1793 4842 l
