3719 5650
1693 709 2231 774 -124—

839 867 1052 943 cetur
1107 864 1287 965 quid
1333 863 1494 966 ipse
1533 862 2038 941 Sennacherib
2078 864 2169 941 de
2217 861 2708 941 inundatione
2747 860 3078 964 Tigridis

836 983 1147 1084 ejusque
1185 982 1261 1058 in
1293 982 1588 1084 palatiis
1614 984 1815 1084 regis
1853 982 2149 1059 damnis
2188 981 2543 1085 praedicet
2586 1008 2604 1059 ε
2658 1011 2695 1054 ‹
2756 980 3078 1059 Fluvius

833 1101 1087 1179 Tibilti
1136 1101 1483 1205 (Tigris),
1540 1125 1863 1202 magnus
1918 1100 2272 1203 impetus,
2323 1100 2452 1202 qui
2508 1100 2586 1176 in
2652 1125 2787 1177 suo
2840 1124 3075 1176 cursu

832 1219 1080 1296 solum
1119 1217 1446 1312 civitatis
1486 1219 1968 1295 destruxerat
1993 1243 2082 1312 ;..
2121 1242 2167 1293 a
2204 1217 2429 1319 longo
2475 1220 2816 1321 tempore
2853 1216 3071 1292 inun-

829 1338 1172 1416 dationes
1234 1338 1310 1414 in
1374 1336 1740 1440 palatium
1805 1339 2178 1414 venerant
2243 1340 2319 1414 et
2385 1360 2520 1438 per
2594 1361 2819 1412 suum
2879 1334 3074 1412 forte

828 1456 1202 1533 diluvium
1253 1457 1334 1534 in
1390 1457 1554 1557 ejus
1598 1454 2106 1532 fundamentis
2151 1454 2452 1532 canales
2490 1452 2734 1532 eflecti
2782 1460 2960 1531 sunt
2996 1457 3074 1531 et
3187 1462 3192 1463 *

826 1576 889 1678 ej
905 1600 991 1652 us
1030 1573 1279 1677 platea
1316 1576 1699 1651 infirmata
1728 1572 1904 1650 fuit.
1945 1573 2109 1649 Hoc
2139 1598 2465 1674 parvum
2505 1568 2879 1675 palatium
2916 1574 3074 1650 uni-

826 1718 1133 1772 versum
1194 1693 1540 1770 destruxi
1592 1695 1667 1769 et
1711 1690 1932 1767 fluvii
1981 1691 2242 1768 Tibilti
2298 1716 2612 1769 cursum
2651 1692 3066 1787 mutavi3..

831 1814 1148 1915 desuper
1204 1809 1569 1919 (canales)
1625 1811 1911 1915 lapides
1961 1811 2291 1913 grandes
2341 1811 2621 1888 montis
2660 1836 2836 1888 cum
2871 1810 3078 1887 bitu-

831 1934 1037 2011 mine
1106 1933 1622 2036 conglutinavi
1683 1934 1759 2008 et
1808 1930 2229 2034 crepidines
2281 1930 2618 2008 fluminis
2675 1929 2927 2024 erexi,
2998 1934 3073 2006 et

827 2051 968 2130 feci
1014 2053 1213 2131 sicut
1258 2060 1597 2132 montem
1636 2047 1778 2156 (1).
1828 2080 1867 2125 >
1927 2052 2071 2137 Qui
2119 2052 2396 2129 veteris
2449 2050 2764 2129 Ninives
2816 2050 3074 2128 ruinas

827 2171 945 2248 his
1008 2172 1295 2250 ultimis
1350 2156 1810 2274 temporibus
1867 2168 2291 2248 effoderunt
2350 2169 2586 2247 talem
2624 2170 3076 2248 confirmant

830 2290 1155 2387 exitum3
1185 2317 1334 2369 non
1355 2290 1463 2369 ita
1493 2315 1674 2367 sane
1694 2314 1816 2366 res
1847 2291 2056 2392 patet
2083 2314 2171 2366 ac
2194 2288 2259 2365 si
2289 2287 2531 2391 ipsius
2562 2287 3075 2365 inundationis

825 2409 1154 2511 vestigia
1200 2410 1722 2513 reperiantur3
1773 2406 2248 2509 argumentis
2298 2432 2479 2483 vero
2516 2405 3077 2510 topographicis

827 2532 1190 2633 probatur
1244 2530 1537 2633 regiam
1588 2529 1828 2607 aedem
1881 2527 2100 2604 undis
2175 2526 2520 2604 fluminis
2576 2532 2739 2603 tum
2812 2525 3076 2605 defen-

833 2674 1035 2743 sam,
1099 2654 1266 2726 tum
1320 2650 1787 2726 destructam
1836 2647 2070 2725 fuisse
2123 2644 2271 2752 (2).
2334 2648 2524 2725 Jure
2574 2671 2757 2748 ergo
2804 2670 2852 2724 a
2903 2647 3077 2724 Na-

830 2766 1016 2843 hum
1068 2765 1602 2844 nominabatur
1651 2765 1932 2847 Ninive
1986 2795 2023 2839 ι
2068 2765 2363 2869 piscina
2418 2789 2789 2868 aquarum
2827 2762 2982 2872 (3>;
3035 2797 3071 2840 >

834 2910 930 2962 ex
998 2884 1178 2987 ipsis
1253 2884 1473 2961 fossis
1555 2890 1631 2961 et
1701 2883 2101 2988 paludibus
2174 2908 2341 2986 quae
2416 2884 2678 2962 ruinas
2735 2883 3072 2962 circum-

835 3004 1019 3081 dant
1069 3003 1451 3107 prophetae
1491 3002 1886 3080 translatio
1928 3001 2379 3105 explicatur.

935 3317 1218 3394 XLVI.
1269 3362 1362 3373 —
1424 3314 1837 3394 Addiderat
1891 3317 2120 3395 etiam
2163 3318 2524 3396 Nahum:
2573 3348 2610 3392 ‹<
2667 3320 3080 3400 Devorabit

830 3436 1028 3538 ignis
1069 3440 1322 3513 vectes
1360 3440 1636 3531 tuos‚..
1681 3435 1784 3513 ibi
1822 3436 2164 3514 comedet
2199 3443 2276 3514 te
2321 3436 2521 3539 ignis
2574 3436 2738 3544 (4);
2798 3469 2835 3513 ι
2882 3442 3079 3541 quod

893 3644 959 3707 (1)
1006 3644 1081 3695 W.
1105 3643 1171 3694 Α.
1201 3645 1268 3706 1.,
1306 3641 1412 3692 vol.
1447 3642 1487 3706 1,
1538 3642 1647 3691 tab.
1681 3645 1757 3707 63,
1789 3669 1851 3681 -
1903 3642 1982 3696 cf.
2018 3643 2083 3693 G.
2119 3643 2312 3708 Suu-s,
2338 3645 2563 3708 Histoi-y
2606 3643 2673 3707 os
2706 3645 3076 3706 Sennacherib,

832 3733 883 3783 p.
924 3720 1033 3775 144,
1066 3720 1172 3767 145.
1204 3746 1265 3755 —
1294 3719 1354 3767 R.
1380 3720 1463 3778 P„
1490 3716 1665 3776 vol.1,
1695 3733 1747 3782 p.
1777 3719 1859 3768 25.

888 3805 968 3867 (2)
1009 3822 1037 3851 α
1064 3802 1410 3867 Koyoundjik
1433 3810 1488 3852 et
1525 3802 1961 3853 Nebbi-Younes
1989 3808 2194 3855 sont....
2230 3804 2506 3870 eloignees
2526 3808 2653 3858 d'un
2690 3807 2976 3859 kilometre
3008 3808 3081 3857 du

829 3877 1084 3928 fleuve....
1116 3878 1253 3926 Mais
1272 3877 1446 3940 jadis,
1474 3878 1544 3925 du
1580 3883 1753 3942 temps
1791 3876 1887 3928 des
1917 3877 2030 3927 rois
2061 3879 2356 3944 assyriens,
2377 3880 2426 3930 le
2456 3881 2632 3931 fleuve
2653 3882 2858 3945 baigna
2878 3883 2928 3932 le
2954 3881 3080 3947 pied

826 3952 1003 4000 meme
1029 3951 1309 4018 destmurs
1336 3951 1715 4012 occidentau13
1743 3951 1807 4000 de
1848 3958 1993 4002 sorte
2044 3968 2148 4017 que
2178 3953 2230 4003 le
2260 3954 2492 4006 chateau
2529 3956 2595 4006 de
2628 3955 2980 4021 Koyoundjik
3024 3971 3080 4005 se

832 4025 1069 4073 trouvait
1113 4040 1210 4074 sur
1251 4027 1300 4075 le
1337 4026 1470 4075 bord
1519 4026 1585 4076 de
1637 4025 1794 4075 l'eau.
1823 4024 1900 4075 La
1942 4026 2171 4090 legende
2218 4028 2445 4080 relative
2477 4033 2508 4081 a
2538 4031 2593 4081 la
2645 4031 2984 4082 destruction
3014 4031 3080 4081 de

830 4099 1027 4150 Ninive
1064 4099 1309 4165 s’appuie
1339 4115 1435 4150 sur
1460 4099 1509 4150 le
1539 4100 1640 4149 fait
1669 4099 1828 4151 d’une
1861 4101 2186 4153 inundation
2230 4103 2303 4154 du
2332 4104 2495 4169 Tigre
2546 4112 2603 4156 et
2645 4105 2752 4156 elle
2803 4111 2991 4156 trouve
3023 4120 3085 4156 sa

830 4175 1213 4225 confirmation
1261 4175 1437 4225 meme
1469 4176 1604 4225 dans
1632 4175 1682 4226 le
1718 4179 1852 4226 recit
1904 4191 2009 4241 que
2048 4178 2424 4230 Sennacherib
2469 4179 2573 4230 fait
2629 4196 2698 4231 au
2734 4180 2882 4246 sujet
2913 4180 2981 4231 de
3029 4181 3086 4231 la

833 4250 1210 4300 reedification
1242 4250 1314 4300 du
1351 4250 1549 4316 pulsis.
1592 4251 1693 4301 Les
1726 4250 2020 4302 traditions
2067 4253 2364 4305 anciennes
2414 4258 2796 4320 representem
2829 4255 2880 4306 le
2910 4257 3084 4323 palais

829 4339 1040 4375 comme
1087 4324 1324 4376 desendu
1362 4340 1460 4390 par
1487 4325 1566 4376 les
1599 4340 1735 4376 caux
1765 4326 1838 4376 du
1889 4325 2082 4387 fleuve,
2125 4333 2178 4378 et
2227 4327 2282 4377 la
2323 4330 2685 4395 topographis
2729 4331 2853 4381 leur
2902 4329 3084 4381 donne

832 4400 1036 4452 raison.
1064 4418 1088 4446 »ι
1127 4401 1364 4465 oppam,
1394 4400 1719 4466 Εωρὲαἰιίοη
1749 4414 1813 4453 en
1838 4401 2235 4468 Mesopotamia
2266 4409 2396 4455 tom.
2428 4404 2469 4466 1,
2491 4420 2545 4470 p.
2574 4408 2683 4458 292.

899 4488 973 4553 (3)
1002 4489 1163 4554 Nan„
1195 4490 1263 4551 11,
1297 4493 1345 4542 8.

895 4577 961 4642 (4)
991 4577 1156 4640 Nan..
1186 4578 1279 4643 111,
1323 4583 1399 4638 13,
1422 4580 1500 4630 15.
