3719 5650
1528 685 2013 751 —21—

639 840 717 915 et
772 839 1205 918 solvent....
1269 841 1721 919 Bene.lictus
1777 839 2093 943 populus
2156 864 2370 915 meus
2433 836 2756 939 AEgypti
2813 838 2890 913 et

640 982 828 1060 opus
893 984 1257 1037 manuum
1330 985 1670 1037 mearum
1738 959 2050 1062 Assyrio
2093 960 2243 1062 (1).
2296 991 2333 1031 ›

747 1081 1005 1165 Quum
1062 1079 1489 1182 aegyptiaca
1545 1083 1874 1180 potestas
1939 1078 2331 1173 ceciderit,
2391 1082 2576 1154 tunc
2639 1074 2890 1178 puris-

640 1195 852 1273 simae
924 1223 1143 1299 aquae
1208 1200 1370 1301 ejus
1449 1199 1853 1276 reddentur
1923 1196 2071 1302 (2),
2144 1202 2220 1274 et
2282 1203 2450 1298 post
2506 1175 2890 1271 'statutam

640 1313 1209 1410 desolationem,
1255 1316 1320 1392 si
1370 1316 1715 1393 eruditus
1761 1317 2006 1418 populi
2054 1315 2434 1392 israelitici
2479 1315 2641 1389 vias
2697 1312 2892 1417 didi-

628 1432 866 1527 -cerit‚
936 1435 1459 1536 unusquisque
1535 1436 1935 1512 reducetur
1999 1434 2120 1510 vir
2193 1437 2286 1509 ad
2368 1432 2888 1510 haereditatem

644 1555 721 1627 et
757 1557 1045 1629 terram
1085 1578 1302 1630 suam
1342 1551 1490 1658 (3).
1536 1553 1807 1653 Populi
1847 1552 2158 1631 venient
2196 1556 2284 1629 ad
2327 1559 2664 1629 montem
2709 1550 2890 1628 Sion

632 1670 983 1771 judicare
1042 1684 1375 1749 montem
1420 1673 1624 1749 Esau
1679 1680 1757 1748 et
1794 1674 1939 1748 erit
1991 1672 2313 1748 Domino
2366 1695 2691 1773 regnum
2734 1668 2881 1773 (4).

645 1790 814 1866 Rex
874 1789 1111 1868 Israel
1171 1798 1551 1894 sceptrum
1607 1814 1832 1867 suum
1870 1816 2100 1892 super
2140 1790 2589 1867 universum
2627 1790 2888 1866 orbem

645 1908 1024 1984 extendet.
1052 1937 1088 1980 α
1113 1910 1495 2010 Loquetur
1516 1933 1773 2010 pacem
1789 1909 2161 1986 Gentibus
2184 1914 2258 1986 et
2289 1914 2620 2012 potestas
2650 1909 2820 2009 ejus
2844 1934 2889 1982 a

643 2026 832 2101 mari
874 2051 1110 2126 usque
1161 2027 1256 2103 ad
1310 2051 1517 2103 mare
1563 2032 1638 2103 et
1687 2052 1734 2101 a
1778 2026 2216 2104 fluminibus
2256 2054 2497 2129 usque
2546 2027 2641 2105 ad
2700 2028 2884 2103 fines

642 2149 869 2220 terrae
899 2142 1046 2248 (5).
1080 2176 1117 2217 »
1164 2188 1268 2201 -—
1312 2174 1348 2217 α
1402 2145 1504 2220 Et
1551 2144 2128 2246 applicabuntur
2173 2152 2438 2245 gentes
2490 2143 2748 2220 multae
2795 2142 2891 2219 ad

646 2263 1054 2340 Dominum
1087 2263 1162 2340 in
1203 2264 1324 2341 die
1362 2262 1534 2357 illa,
1571 2268 1643 2338 et
1682 2267 1902 2339 erunt
1945 2262 2130 2339 mihi
2160 2265 2236 2338 in
2280 2262 2639 2365 populum
2681 2261 2882 2365 (6).»

645 2380 1045 2459 Universae
1101 2384 1416 2476 GenteS‚
1468 2406 1637 2484 quae
1677 2382 2141 2483 jampridem
2193 2386 2566 2463 venerant
2629 2387 2892 2458 contra

643 2499 1123 2607 Jerusalem}
1148 2500 1559 2578 ascendent
1586 2524 1787 2575 nunc
1812 2508 1899 2576 ut
1933 2500 2253 2576 adorent
2290 2500 2889 2601 Regem‚Domi-

644 2641 827 2692 num
876 2618 1348 2695 exercituum
1396 2617 1546 2723 (7),
1593 2618 1811 2718 eique
1856 2643 1997 2693 sua
2053 2640 2371 2694 munera
2410 2617 2745 2694 deferent
2774 2616 2891 2721 (8)

643 2735 720 2810 in
774 2735 1050 2838 pignus
1138 2763 1296 2813 suae
1375 2735 1767 2814 servitutis
1858 2734 2006 2840 (9).
2080 2736 2251 2812 Filii
2334 2736 2680 2829 advenae,
2765 2736 2893 2840 qui

644 2855 1137 2933 adhaerebunt
1214 2854 1533 2933 Domino
1611 2861 1696 2930 ut
1774 2856 2027 2931 colant
2101 2861 2177 2932 et
2255 2855 2573 2957 diligant
2673 2880 2887 2949 eum,

647 2971 1032 3050 habebunt
1099 2981 1390 3075 partem
1451 2975 1531 3050 in
1598 2973 2044 3050 haereditate
2089 2979 2165 3049 et
2219 2973 2468 3051 locum
2524 2975 2603 3050 in
2677 2974 2896 3051 domo

648 3102 972 3193 paterna
1009 3091 1211 3198 (10).

754 3211 875 3284 Ita
918 3211 1311 3311 prophetae
1348 3213 1548 3314 apud
1588 3213 1927 3314 proprios
1949 3213 2149 3289 cives
2178 3211 2324 3289 illis
2361 3211 2629 3289 studiis
2657 3211 2897 3288 obsis-

649 3325 936 3423 tebant,
987 3330 1258 3430 quibus
1295 3330 1547 3408 Judaei
1591 3331 1958 3433 religione
2003 3356 2171 3426 sua,
2217 3337 2382 3408 tum
2421 3331 2498 3406 in
2529 3356 2892 3434 praesenS,

647 3451 813 3522 tum
861 3447 1096 3523 etiam
1154 3447 1232 3523 in
1291 3452 1707 3550 posterum,
1762 3449 2035 3526 ceteris
2092 3450 2386 3551 populis
2456 3449 2902 3526 interdicere

649 3565 1161 3659 conabantur3
1219 3567 1328 3643 ita
1380 3591 1460 3642 se
1505 3592 1762 3644 servos
1831 3576 1907 3645 et
1969 3566 2361 3644 ministros
2400 3568 2539 3645 Dei
2583 3567 2897 3669 profite-

649 3682 956 3777 bantur,
1003 3684 1126 3783 qui
1196 3684 1273 3759 in
1310 3686 1651 3763 Abrahae
1702 3709 1983 3786 genere
2033 3709 2292 3762 omnes
2350 3686 2638 3762 Gentes
2680 3701 2901 3762 terrae

648 3800 1177 3878 benedicturus
1203 3806 1367 3879 erat
1389 3828 1407 3896 ;
1466 3803 1576 3879 ita
1614 3806 1918 3880 demum
1963 3804 2283 3880 salutem
2321 3830 2422 3879 σω
2458 3802 2717 3898 Israel,
2752 3827 2901 3878 non

648 3944 829 3996 vero
869 3945 1056 4022 crya
1095 3921 1339 3997 solum
1379 3922 1613 3999 Israel
1636 3922 1999 3998 universo
2038 3923 2317 4000 mundo
2349 3923 2895 4025 praedicabant.

715 4178 790 4240 (ί)
824 4178 917 4243 Is„
948 4192 1066 4232 ιιι.
1096 4181 1174 4241 19,
1204 4182 1286 4242 2¹,
1320 4181 1397 4228 25.
1742 4177 1820 4242 (Ξ)
1857 4179 1969 4238 Ει.,
1999 4193 2132 4243 xxn,
2166 4181 2241 4232 14.

713 4267 779 4328 (3)
812 4265 957 4322 ἄπει..
983 4281 1083 4329 xu,
1107 4269 1187 4325 1⁴,
1224 4268 1300 4320 17.
1739 4268 1821 4330 (ἡ)
1851 4269 2009 4326 Anu..
2034 4272 2115 4318 2¹.

715 4355 799 4416 (⁵)
828 4354 1012 4410 Zxcn..
1045 4369 1119 4412 xx,
1155 4359 1226 4405 10.
1740 4356 1820 4417 (6)
1850 4356 2011 4418 Ιὺίά.,
2034 4371 2094 4415 ιι.
2125 4359 2205 4407 ss.

714 4443 785 4505 (Ἰ)
819 4442 978 4504 Ιὸίά.,
1008 4458 1120 4502 xiv,
1164 4449 1238 4494 Ιῦ.
1741 4445 1822 4506 (8)
1861 4445 1951 4507 Is„
1983 4459 2133 4506 xviii,
2160 4445 2209 4495 7.

716 4531 790 4591 (9)
825 4529 978 4594 mid„
1010 4546 1121 4591 xiv,
1155 4539 1200 4580 Ἰ.
1717 4533 1828 4594 (1⁰)
1869 4531 2020 4591 und,
2051 4546 2159 4592 Lv1,
2190 4531 2233 4587 6,
2263 4535 2310 4577 8.
