3719 5650
740 884 1043 962 Pariter
1119 884 1212 961 de
1281 880 1560 959 futuris
1657 879 2059 959 eventibus
2131 879 2569 958 nuntiandis
2637 883 2872 961 solers

634 1004 804 1083 fuit.
836 1004 1039 1081 Inter
1059 1004 1208 1080 ista
1246 1028 1443 1104 quae,
1476 1025 1563 1078 eo
1603 1005 1946 1096 auctore,
1989 1001 2336 1103 AEgypto
2375 1000 2696 1098 instant,
2737 1004 2878 1105 pri-

635 1147 848 1201 mum
920 1124 1285 1225 apparent
1343 1120 1737 1197 factiones,
1808 1146 1845 1191 <
1920 1119 2020 1195 Et
2081 1143 2539 1197 concurrere
2606 1121 2877 1202 faciam

636 1243 1050 1345 AEgyptios
1089 1240 1454 1319 adversus
1479 1237 1933 1342 AEgyptios3
1972 1246 2049 1316 et
2077 1237 2445 1340 pugnabit
2474 1239 2595 1316 vir
2619 1250 2880 1321 contra

639 1360 957 1437 fratrem
1016 1382 1280 1454 suum,
1326 1362 1401 1435 et
1441 1357 1564 1434 vir
1612 1361 1873 1433 contra
1920 1358 2247 1434 amicum
2302 1382 2564 1453 suum,
2609 1360 2878 1439 civitas

637 1474 1006 1556 adversus
1055 1478 1471 1572 civitatem,
1514 1500 1843 1579 regnum
1880 1478 2251 1554 adversus
2288 1501 2607 1579 regnum
2646 1478 2798 1586 (l).
2839 1514 2876 1558 ›

745 1597 1171 1699 AEgyptum
1200 1594 1403 1672 enim
1439 1593 1755 1671 internis
1786 1593 2111 1671 dissidiis
2149 1620 2349 1697 saepe
2403 1599 2679 1700 saepius
2718 1599 2883 1677 dis-

640 1717 914 1795 cissam
993 1716 1223 1794 fuisse
1250 1776 1268 1812 ,
1340 1741 1437 1792 ex
1512 1714 1863 1817 plurimis
1934 1715 2305 1817 dynastiis
2389 1744 2558 1820 quae
2643 1721 2881 1799 variis

639 1838 978 1941 partibus
1032 1834 1437 1939 imperium
1486 1836 1969 1931 exercebant,
2014 1840 2277 1938 aperte
2333 1844 2656 1919 constat.
2708 1842 2883 1919 Jam

640 1960 816 2033 ante
869 1957 1200 2033 Ramses
1256 1955 1399 2049 111,
1465 1952 1797 2030 nondum
1866 1959 2234 2055 regnante
2296 1958 2447 2034 XX
2508 1958 2882 2059 dynastia,

638 2078 938 2152 mortuo
1006 2074 1162 2151 Seti
1216 2075 1318 2167 II,
1378 2097 1552 2149 vere
1604 2071 2164 2149 dissolvebatur
2231 2076 2649 2176 AEgyptuS.
2724 2078 2888 2155 Hoc

643 2194 1064 2296 praesertim
1122 2197 1438 2295 apparet
1478 2217 1572 2268 ex
1626 2188 1913 2293 inclyto
1945 2215 2264 2292 papyro
2302 2191 2636 2285 Har-ris,
2691 2198 2888 2296 quod

640 2312 1033 2389 transtulit
1090 2316 1166 2389 et
1206 2313 1752 2412 interpretatus
1799 2316 1918 2386 est
1970 2311 2228 2386 doctor
2269 2310 2703 2409 Eisenlohr,
2758 2314 2887 2415 qui

647 2429 1145 2533 aegyptiacam
1181 2429 1520 2532 linguam
1567 2429 1649 2505 in
1702 2429 2224 2507 Universitate
2267 2428 2887 2533 Heidelbergensi

588 2616 597 2621 .
648 2550 1003 2652 privatim
1033 2551 1274 2627 docet.
1312 2550 1706 2651 papyrum
1735 2547 1969 2641 illam,
1999 2573 2166 2649 quae
2197 2548 2394 2625 inter
2429 2549 2884 2630 clarissimas

647 2673 724 2746 et
763 2670 1299 2771 integerrimas
1331 2668 1649 2762 eminet,
1685 2690 1958 2743 novem
1987 2672 2062 2743 et
2088 2667 2575 2769 septuaginta
2598 2670 2882 2748 chartis

646 2795 860 2893 gesta
919 2789 1244 2884 Ramses
1302 2788 1409 2865 III
1466 2790 1866 2863 memorat.
1923 2786 2095 2864 Rex
2154 2787 2365 2889 ipse,
2434 2789 2652 2890 quasi
2709 2795 2886 2868 ante

648 2907 1033 2986 ministros
1065 2933 1242 2985 suos
1274 2911 1351 2985 et
1375 2907 1666 3009 plebem
1686 2907 1921 2982 verba
1951 2905 2320 2983 solemnia
2345 2907 2633 3004 ederet,
2663 2910 2883 3010 quid-

651 3028 833 3130 quid
890 3028 986 3105 ad
1041 3026 1391 3105 colendos
1445 3026 1623 3102 deos
1682 3024 2003 3125 perfecit
2056 3031 2133 3102 et
2192 3026 2496 3123 obtulit,
2568 3029 2880 3106 evolvit.

649 3152 1062 3253 Postquam
1099 3151 1279 3228 deos
1339 3149 1803 3242 Thebarum,
1850 3147 2351 3248 HeliopoleOS,
2408 3149 2877 3252 Mempheos‚

649 3274 1226 3371 ceterarumque
1292 3269 1704 3370 superioris
1766 3267 2295 3371 inferiorisque
2373 3271 2694 3372 AEgypti
2757 3298 2880 3349 ur-

645 3389 852 3466 bium
885 3388 1346 3482 numeravit,
1399 3386 1595 3465 bella
1641 3393 1846 3464 terra
1880 3385 2228 3488 marique
2259 3392 2506 3488 gesta,
2552 3388 2877 3466 colonias

644 3505 737 3585 ad
768 3507 1215 3586 Sinaiticum
1244 3514 1579 3584 montem
1605 3509 2038 3582 exstructas
2067 3511 2397 3583 enarrat.
2423 3509 2671 3585 Antea
2698 3534 2878 3586 vero

643 3627 950 3729 exponit
997 3626 1384 3728 adjuncta,
1443 3624 1714 3727 quibus
1770 3626 1867 3700 ad
1932 3649 2369 3725 supremam
2420 3632 2877 3728 potestatem

640 3745 1134 3825 exercendam
1189 3753 1496 3824 evectus
1544 3750 1659 3823 est
1716 3749 1794 3822 et
1846 3770 1935 3821 ea
1992 3769 2160 3845 quae
2209 3747 2702 3848 praeiverunt.
2759 3749 2877 3826 Ita

640 3865 1039 3967 politicum
1069 3866 1391 3970 AEgypti
1423 3869 1707 3943 statum
1739 3864 2094 3941 describit
2131 3890 2150 3939 t

748 3984 986 4062 Folio
1028 3984 1164 4065 75.
1198 4030 1300 4042 —
1339 4013 1374 4057 ‹
1411 3982 1666 4061 Linea
1698 3983 1900 4060 2....
1933 3982 2132 4061 Nota
2166 3982 2377 4060 vobis
2419 3984 2615 4063 facio
2660 3992 2877 4090 gesta

640 4128 808 4205 quae
849 4104 1100 4206 peregi
1137 4108 1393 4205 utpote
1431 4129 1568 4179 rex
1606 4101 2027 4179 hominum.
2083 4101 2268 4178 Haec
2304 4101 2508 4179 facta
2547 4113 2753 4183 sunt.

754 4252 791 4296 ›
852 4222 1047 4300 Lz'n.
1095 4223 1181 4299 3.
1234 4222 1321 4298 In
1359 4227 1566 4298 terra
1615 4221 1944 4324 AEgypti
1986 4245 2295 4315 eversa,
2358 4225 2875 4326 unusquisque

638 4365 773 4444 pro
833 4340 1059 4419 libitu
1126 4365 1261 4419 suo
1336 4336 1723 4448 [agebat];
1798 4339 1985 4441 ipsis
2054 4337 2351 4415 nullum
2409 4349 2671 4443 caput,
2745 4369 2879 4446 per

635 4460 918 4538 multos
954 4484 1223 4557 annos,
1268 4458 1686 4537 dominium
1723 4458 2121 4537 exercebat
2167 4482 2394 4559 super
2431 4459 2643 4540 alios.
2687 4461 2879 4539 Erat

636 4583 843 4658 terra
896 4580 1222 4683 AEgypti

700 4736 767 4796 (1)
802 4734 893 4791 Is..
922 4749 1037 4799 xix,
1069 4738 1117 4784 2.
2598 4739 2625 4785 5
