3719 5650
1674 726 2160 796 „64-

796 872 1032 982 regna
1082 881 1222 959 erit
1265 882 1690 960 humillima
1746 887 1824 961 et
1871 909 2024 961 non
2078 883 2498 961 elevabitur
2551 880 2753 960 ultra
2807 905 3036 983 super

794 999 1166 1096 nationes,
1211 1006 1288 1079 et
1323 1001 1765 1079 imminuam
1802 1028 1932 1081 eos
1968 1027 2063 1081 ne
2112 1002 2481 1105 imperent
2530 1002 3029 1105 gentibus...

793 1118 896 1195 Et
948 1119 1377 1198 destruetur
1442 1121 1791 1223 superbia
1865 1120 2163 1223 imperii
2229 1121 2493 1223 ejuS...
2569 1124 2644 1198 et
2712 1119 3036 1221 dissipa-

792 1240 1080 1316 buntur
1104 1239 1181 1316 in
1211 1241 1455 1318 medio
1485 1246 1867 1319 terrarum
1896 1240 2437 1334 desolatarum,
2474 1244 2552 1318 et
2591 1241 2823 1316 urbes
2862 1239 3035 1338 ejus

790 1357 868 1434 in
924 1358 1166 1437 medio
1219 1360 1616 1437 civitatum
1673 1362 2141 1438 desertarum
2184 1366 2544 1440 erunt....
2605 1361 2707 1437 Et
2764 1358 3035 1436 faciam

794 1477 1049 1555 alveos
1095 1478 1494 1555 fluminum
1543 1479 1806 1557 aridos
1852 1484 1930 1558 et
1974 1481 2270 1557 tradam
2316 1485 2599 1558 terram
2646 1479 2723 1554 in
2765 1502 3035 1556 manus

790 1598 1386 1699 pessimorum...
1466 1602 1541 1675 et
1606 1598 1757 1676 dux
1834 1601 1928 1678 de
1992 1605 2195 1677 terra
2270 1600 2595 1703 AEgypti
2670 1623 2824 1676 non
2889 1596 3037 1675 erit

793 1714 1248 1818 amplius„„
1291 1716 1545 1802 Quum
1587 1719 1861 1795 dedero
1902 1722 2187 1796 terram
2224 1717 2550 1820 AEgypti
2578 1714 3026 1811 desolatam,

793 1834 1182 1911 deseretur
1233 1840 1494 1913 autem
1565 1840 1766 1913 terra
1839 1862 1892 1915 a
1953 1836 2412 1940 plenitudine
2492 1861 2659 1932 sua,
2732 1834 3033 1937 quando

797 1977 1235 2054 percussero
1274 1979 1532 2032 omnes
1587 1953 2053 2033 habitatores
2088 1958 2256 2059 ejus
2295 1953 2447 2062 (l).
2487 1984 2525 2029 >

898 2072 1065 2148 Hoc
1130 2080 1249 2150 est
1308 2074 1805 2151 summarium
1885 2098 2199 2152 onerum
2256 2081 2521 2153 contra
2567 2075 3027 2176 AEgyptum‚

793 2214 1113 2291 quorum
1150 2191 1359 2269 nulla
1394 2217 1569 2296 pars
1611 2192 2061 2294 relinquitur
2098 2217 2269 2295 quae
2305 2193 2632 2269 historia
2658 2216 2810 2267 non
2847 2214 3035 2268 con-

789 2310 1158 2389 firmetur.
1223 2313 1400 2389 Jam
1438 2311 1638 2389 enim
1675 2315 1974 2389 veteres
2031 2310 2602 2414 Scripturarum
2654 2333 3033 2388 commen-

793 2434 1074 2508 tatores
1124 2431 1617 2509 adverterant
1680 2431 1876 2507 hanc
1925 2430 2401 2534 prophetiam
2448 2455 2621 2508 cum
2669 2428 3031 2506 historico

795 2553 1001 2627 statu
1061 2576 1507 2653 congruere.
1555 2552 1982 2654 AEgyptum
2021 2551 2223 2627 enim
2257 2551 2522 2629 Persae
2555 2547 2913 2627 trecentis
2956 2551 3034 2624 et

793 2669 1343 2770 quinquaginta
1406 2671 1628 2747 annis
1699 2674 1876 2749 ante
1952 2669 2346 2748 Christum
2430 2669 3025 2770 occupaverunt,

790 2792 1051 2890 postea
1087 2787 1559 2886 Macedones,
1590 2788 1857 2868 dehinc
1897 2788 2290 2867 Ptolemaei
2324 2791 2686 2868 rexerunt
2730 2785 3033 2864 circiter

793 2931 929 3009 per
963 2908 1328 2986 ducentos
1361 2913 1437 2987 et
1482 2910 1898 3011 nonaginta
1936 2913 2261 3011 quatuor
2297 2934 2570 2988 annos,
2612 2910 2836 2986 Anno
2877 2904 3033 2982 tri-

787 3026 1075 3129 gesimo
1127 3032 1302 3105 ante
1343 3026 1766 3124 Christum,
1829 3034 1999 3131 post
2066 3028 2467 3108 Octaviani
2505 3027 2892 3120 victoriaS,
2952 3023 3034 3100 in

788 3171 1179 3226 romanam
1209 3147 1670 3250 provinciam
1704 3150 2010 3226 redacta
2045 3153 2162 3226 est
2188 3150 2604 3251 AEgyptuS.
2648 3147 3027 3236 Romano,

791 3267 1090 3345 demum
1130 3266 1942 3370 constantinopolitano
1984 3269 2301 3368 imperio
2339 3269 2706 3345 tributum
2755 3263 3018 3356 solvit;

789 3409 988 3462 anno
1036 3386 1185 3463 641
1252 3386 1716 3479 Sarracenis,
1775 3411 1975 3463 anno
2023 3386 2227 3464 1250
2270 3384 2748 3479 Mamelucis‚
2795 3385 2923 3486 qui
2975 3408 3024 3462 a

791 3503 1157 3582 servitute
1182 3505 1278 3581 ad
1301 3504 1714 3582 dominium
1750 3505 1936 3582 mire
1970 3506 2505 3606 pervenerunt,
2539 3502 2839 3580 subdita
2875 3506 3017 3579 est.

790 3624 1213 3700 Turcarum
1268 3623 1668 3702 tributaria
1705 3648 1902 3700 anno
1951 3623 2154 3701 1517
2193 3622 2396 3700 facta
2436 3627 2582 3718 est,
2620 3629 2697 3699 et
2732 3647 2780 3698 a
2806 3620 3025 3699 novis

789 3741 1109 3819 dominis
1165 3741 1392 3819 vilem
1455 3742 1747 3844 imperii
1802 3742 2126 3818 formam
2180 3742 2292 3820 ita
2350 3745 2699 3819 mutuata
2743 3745 2896 3833 est,
2941 3743 3028 3816 ut

788 3884 1035 3961 neque
1057 3859 1463 3962 principem
1488 3885 1581 3937 ex
1603 3862 1950 3964 AEgypto
1980 3861 2416 3954 oriundum,
2441 3884 2682 3962 neque
2699 3858 3028 3961 aliquam

785 3979 1208 4057 libertatem
1263 3979 1406 4056 sibi
1468 3981 1904 4083 mancipare
1966 3979 2233 4057 dehinc
2297 3981 2652 4083 potuerit.

893 4100 969 4176 Is
1030 4124 1209 4202 ergo
1267 4098 1409 4176 fuit
1467 4101 1794 4177 decursu
1853 4098 2307 4176 saeculorum
2360 4098 2692 4202 AEgypti
2751 4101 3026 4187 status,

788 4222 873 4296 ut
923 4242 1017 4295 ex
1072 4242 1158 4294 eo
1209 4221 1512 4295 veteres
1568 4220 2202 4294 commentatores
2262 4214 2695 4318 prophetias
2751 4215 3031 4290 adver-

788 4360 919 4412 sus
967 4359 1131 4412 eam
1182 4334 1375 4411 latas
1423 4358 1644 4413 veras
1700 4339 1779 4412 et
1833 4333 1931 4410 ad
1986 4332 2334 4412 effectum
2386 4332 2750 4410 adductas
2802 4332 3027 4409 aesti-

784 4453 1189 4531 maverint.

843 4619 915 4681 (1)
947 4618 1227 4685 Ez.‚xxxx,
1265 4623 1337 4685 1⁴,
1379 4626 1461 4681 ¹53
1491 4635 1619 4682 xxx,
1648 4624 1692 4679 ⁶,
1729 4623 1776 4683 7,
1811 4625 1887 4679 ¹2.
1923 4622 2003 4680 133
2046 4634 2217 4682 xxxu,
2253 4625 2324 4670 15.
