3719 5650
1571 733 2065 800 —27—

682 886 1180 990 cumspicere,
1226 892 1301 966 et
1344 886 1743 966 maledicta
1781 888 1861 979 in
1914 915 2039 967 eos
2098 915 2507 993 congerere
2555 891 2683 993 qui
2728 918 2932 989 nunc

683 1007 950 1085 finium
980 1032 1267 1109 pacem,
1311 1032 1491 1084 mox
1532 1006 1765 1110 ipsius
1790 1011 2060 1112 patriae
2097 1011 2342 1087 vitam
2377 1011 2930 1092 vastationibus

682 1127 1241 1230 perturbarent.

790 1367 1005 1444 VIII.
1050 1412 1153 1423 —-
1194 1366 1383 1462 Etsi,
1419 1365 1709 1470 physici
1749 1366 1939 1444 situs
1974 1366 2234 1444 habita
2268 1366 2589 1462 ratione,
2631 1372 2927 1446 extero-

683 1510 859 1562 rum
910 1492 1323 1563 eventuum
1373 1485 1802 1563 conditione
1855 1486 2111 1564 minus
2169 1510 2397 1587 quam
2449 1485 2618 1563 aliae
2667 1490 2934 1590 gentes

632 1630 637 1633 ’
681 1607 1094 1684 Palaestina
1121 1611 1589 1703 moveretur,
1625 1607 1965 1685 civilium
1990 1611 2251 1684 tamen
2275 1631 2532 1684 rerum
2562 1633 2745 1685 cura
2783 1632 2938 1685 non

683 1728 870 1803 adeo
898 1726 1133 1804 libera
1171 1730 1337 1803 erat
1366 1732 1455 1803 ut
1490 1726 1569 1802 in
1612 1726 1859 1828 ipsum
1898 1751 2225 1828 regnum
2263 1727 2309 1804 J
2314 1728 2485 1803 udae
2513 1727 2938 1805 vicinarum

686 1850 1147 1947 potestatum
1221 1845 1548 1923 conditio
1624 1870 1774 1921 non
1853 1845 2188 1923 maxime
2266 1846 2635 1941 valuerit3
2710 1846 2931 1942 hinc,

685 1971 770 2042 ut
838 1992 1105 2043 sensus
1173 1966 1740 2069 prophetiarum
1807 1966 2178 2044 adversus
2266 1967 2555 2044 Gentes
2637 1965 2938 2070 penitus

686 2086 1182 2189 intelligatur,
1235 2112 1548 2164 necesse
1611 2091 1730 2163 est
1789 2087 2260 2188 investigare
2321 2086 2488 2188 quis
2562 2086 2938 2164 mentium

685 2213 762 2285 et
834 2207 1231 2310 potestatis
1312 2207 1509 2310 apud
1599 2207 1642 2285 J
1654 2207 1908 2284 udaeos
2004 2206 2232 2285 fuerit
2326 2211 2610 2302 status,
2697 2233 2938 2309 quum

686 2328 1277 2430 prophetismus,
1321 2327 1643 2428 degente
1700 2326 1931 2421 Isaia,
1975 2325 2502 2428 praestantiore
2539 2328 2763 2403 modo
2823 2326 2938 2403 vi-

689 2450 929 2547 geret.

796 2565 1017 2643 Circa
1054 2565 1253 2642 enim
1276 2565 1494 2641 Isaiae
1531 2570 1902 2668 tempora,
1936 2562 2185 2640 civilis
2215 2562 2419 2640 Asiae
2457 2561 2942 2641 occidentalis

688 2685 994 2761 habitus
1031 2710 1345 2787 prorsus
1387 2683 1774 2762 evolvitur
1816 2688 1892 2759 et
1931 2685 2026 2760 ab
2067 2684 2403 2785 antiquis
2440 2682 2586 2759 viis
2625 2682 2936 2763 recedit.

692 2804 942 2890 Quum
982 2804 1213 2882 Isaias
1256 2804 1779 2908 prophetizare
1816 2798 2259 2907 incipiebat,
2294 2802 2468 2880 talis
2508 2802 2754 2882 adhuc
2795 2803 2941 2882 im·-

688 2929 895 3001 mota
951 2925 1441 3027 permanebat-
1494 2950 1582 3002 ea
1636 2923 1887 3025 regi0,
1948 2922 2191 3024 qualis
2250 2924 2555 3024 integro
2612 2924 2936 3001 decursu

689 3043 1135 3120 saeculorum
1175 3043 1466 3138 fuerat3
1514 3042 1771 3120 multis
1810 3045 2204 3120 constabat
2241 3041 2703 3138 civitatibuS,
2753 3069 2941 3145 qua-

686 3189 856 3240 rum
926 3188 1425 3264 unaquaeque,
1499 3162 1620 3240 vel
1690 3162 1878 3239 satis
1946 3161 2237 3257 valida,
2309 3165 2603 3238 ceteras
2694 3186 2941 3264 neque

687 3288 1019 3384 cuperet,
1077 3307 1324 3385 neque
1378 3287 1632 3384 posset
1680 3283 2106 3358 absumere.
2167 3283 2272 3356 At
2320 3280 2642 3357 decursu
2685 3281 2938 3357 octavi

685 3410 863 3479 ante
903 3401 1294 3480 Christum
1341 3400 1624 3498 saeculi,
1671 3404 2040 3503 regnante
2087 3399 2799 3501 Teglathphalasar,
2848 3401 2943 3477 de

652 3535 886 3597 ‘novo
926 3520 1256 3596 surrexit
1305 3520 1781 3622 assyriacum
1824 3518 2256 3620 imperium,
2293 3542 2558 3595 recens
2602 3518 2931 3619 quidem,

683 3640 814 3717 sed
846 3639 953 3717 ita
991 3644 1382 3716 strenuum
1421 3645 1507 3717 ut
1544 3664 1986 3742 supremum
2031 3636 2450 3715 dominium
2494 3636 2572 3714 in
2612 3638 2940 3740 reliquos

681 3759 1014 3837 Orientis
1060 3759 1380 3862 populos
1431 3761 1568 3838 sub
1612 3759 1835 3836 unius
1892 3759 2096 3861 regis
2139 3757 2380 3835 tutela
2433 3758 2577 3835 sibi
2615 3783 2930 3861 compa-

681 3900 853 3953 rare
905 3877 1244 3953 studeret
1274 3874 1424 3982 (1).

788 3994 1007 4073 Circa
1080 3997 1309 4072 finem
1375 3996 1589 4098 regni
1648 3997 2053 4074 Jeroboam
2106 3996 2202 4091 II,
2240 3995 2546 4073 videtur
2601 3995 2932 4098 primum

678 4113 914 4189 Amos
973 4113 1318 4191 socordes
1382 4115 1425 4191 J
1440 4115 1691 4192 udaeos
1749 4114 2131 4192 monuisse
2201 4124 2290 4192 ut
2353 4115 2556 4193 illius
2618 4114 2924 4217 populi,

678 4232 895 4332 cujus
947 4236 1169 4334 gesta
1226 4258 1404 4309 mox
1457 4234 2057 4336 evulgabuntur,
2103 4233 2511 4337 propositis
2562 4258 2711 4308 non
2770 4258 2932 4310 me-

676 4348 1002 4428 diocrem
1022 4351 1499 4454 diligentiam
1527 4354 1996 4431 adhiberent.
2033 4382 2069 4424 ‹<
2099 4354 2292 4431 Ecce
2317 4354 2518 4430 enim
2548 4353 2926 4431 suscitabo

747 4553 1061 4679 &UTSAYOE'
1092 4555 1192 4682 Ίέιε
1228 4557 1392 4609 Times
1428 4556 1491 4621 οῙ
1518 4557 1719 4621 Ιεειίαἱι,
1748 4572 1797 4621 p.
1823 4559 1885 4608 78
1928 4572 2047 4623 sqq.
2081 4584 2140 4593 -—
2175 4556 2405 4618 Dmvssa,
2435 4557 2647 4610 Isaiah:
2677 4556 2758 4610 his
2803 4556 2924 4622 Life

671 4640 743 4679 an
854 4643 996 4685 (mes,
1035 4646 1087 4695 p.
1152 4668 1164 4682 .
