3719 5650
1736 810 2273 881 -108—

999 1002 1034 1043 »
1078 969 1269 1047 Ecce
1307 967 1729 1047 dominator
1767 967 2134 1046 Dominus
2176 966 2657 1045 exercituum
2696 964 3126 1070 confringet

881 1087 1359 1192 lagunculam
1399 1087 1476 1165 in
1516 1092 1834 1186 terrore,
1877 1093 1952 1166 et
1989 1086 2265 1166 excelsi
2307 1089 2600 1166 statura
2639 1087 3124 1167 succidentur

881 1215 956 1287 et
982 1208 1343 1287 sublimes
1383 1208 2009 1287 humiliabuntur.
2037 1210 2135 1287 Et
2166 1210 2706 1286 subvertentur
2743 1208 3118 1286 condensa

883 1329 1116 1407 saltus
1156 1330 1348 1407 ferro
1384 1356 1400 1405 ε
1448 1335 1528 1409 et
1567 1330 1902 1408 Libanus
1947 1354 2119 1408 cum
2159 1328 2479 1408 excelsis
2518 1329 2732 1407 cadet
2768 1326 2914 1433 (l).
2971 1361 3004 1402 »

983 1549 1341 1628 XXXVI.
1391 1595 1492 1608 —
1533 1550 1689 1629 Nec
1729 1552 2056 1630 absonus
2102 1555 2265 1630 erat
2315 1550 2733 1656 Sophonias
2757 1549 3116 1655 judicium

874 1665 1210 1745 divinum
1275 1669 1765 1772 promulgans
1841 1670 1918 1747 in
1986 1669 2193 1748 illam
2261 1671 2677 1775 speciosam
2744 1669 3107 1767 Niniven,

872 1812 1045 1889 quae
1122 1793 1440 1891 ponetur
1522 1820 1557 1863 ‹
1595 1789 1672 1867 in
1733 1791 2152 1886 desertum,
2241 1791 2486 1875 cubile
2559 1790 2952 1869 bestiae...
3015 1792 3114 1870 Et

870 1910 1221 1988 extendet
1280 1936 1588 1990 manum
1655 1936 1869 1989 suam
1925 1937 2151 2017 super
2221 1911 2673 2015 aquilonem,
2731 1917 2808 1989 et
2852 1912 3115 2014 perdet

866 2029 1149 2126 Assur,
1218 2033 1293 2108 et
1354 2038 1581 2134 ponet
1659 2032 2075 2135 speciosam
2138 2031 2215 2109 in
2292 2032 2811 2126 solitudinem,
2887 2036 2962 2108 et
3027 2030 3108 2107 in

866 2146 1161 2225 invium
1199 2153 1274 2227 et
1311 2150 1527 2253 quasi
1579 2151 1986 2230 desertum.
2044 2151 2145 2228 Et
2194 2153 2669 2230 accubabunt
2719 2150 2795 2227 in
2860 2150 3103 2227 medio

865 2267 1027 2367 ejus
1077 2293 1384 2371 gregeS,
1429 2294 1688 2348 omnes
1744 2272 2003 2348 bestiae
2051 2271 2439 2375 gentium3
2501 2275 2577 2349 et
2625 2267 3100 2348 onocrotalus

864 2391 940 2465 et
986 2389 1267 2468 ericius
1318 2391 1395 2468 in
1450 2389 1832 2471 liminibus
1885 2395 2052 2495 ejus
2110 2394 2649 2486 morabuntur3
2717 2416 2865 2469 vox
2918 2415 3102 2468 can-

861 2509 1094 2587 tantis
1134 2510 1211 2587 in
1257 2510 1614 2610 fenestra,
1658 2539 1930 2593 corvus
1987 2514 2063 2592 in
2118 2512 2700 2616 superliminari,
2748 2511 3102 2614 quoniam

861 2632 1264 2709 attenuabo
1304 2635 1534 2710 robur
1573 2635 1764 2736 ejus,
1816 2635 2006 2712 Haec
2045 2637 2159 2712 est
2199 2632 2470 2711 civitas
2511 2631 2839 2736 gloriosa
2878 2632 3098 2711 habi-

861 2752 1031 2825 tans
1087 2749 1163 2827 in
1223 2752 1705 2850 confidentia,
1754 2778 1921 2857 quae
1973 2753 2272 2832 dicebat
2319 2752 2396 2830 in
2434 2752 2660 2832 corde
2691 2777 2879 2832 suo:
2933 2755 3097 2857 Ego

863 2892 1061 2964 sum,
1119 2875 1195 2947 et
1246 2875 1465 2950 extra
1526 2897 1646 2951 me
1707 2898 1856 2951 non
1915 2877 2028 2952 est
2089 2873 2243 2952 alia
2297 2871 2650 2976 amplius.
2718 2873 3102 2958 Quomodo

861 2985 1063 3065 facta
1103 2995 1217 3069 est
1254 2990 1331 3066 in
1371 2992 1780 3088 desertum,
1813 2993 2059 3070 cubile
2084 2992 2395 3072 bestiae?
2425 2990 2688 3070 Omnis
2721 2993 2848 3096 qui
2882 2995 3089 3070 tran-

856 3106 955 3187 sit
997 3135 1133 3213 per
1168 3136 1337 3190 eam
1382 3112 1733 3206 sibilabit,
1774 3118 1846 3191 et
1892 3113 2227 3192 movebit
2264 3139 2574 3191 manum
2606 3138 2826 3191 suam
2859 3111 3006 3218 (2).
3049 3141 3085 3187 ›

963 3332 1360 3412 XXXVII.
1396 3336 1768 3413 -Recte
1819 3334 2054 3438 igitur
2109 3334 2344 3412 filiurn
2398 3358 2622 3413 suum
2673 3338 2750 3412 et
2786 3335 3093 3436 nepotes

857 3478 1035 3530 suos
1067 3456 1412 3534 monebat
1440 3455 1754 3533 'I'obiasz
1791 3487 1826 3527 ‹<
1850 3456 2100 3557 Prope
2132 3456 2278 3534 erit
2303 3455 2655 3534 interitus
2681 3452 2978 3532 Ninive.
2999 3513 3014 3529 .
3034 3512 3084 3529 ..

852 3573 1073 3650 Nunc
1118 3599 1328 3676 erg-0,
1367 3574 1528 3671 filii,
1565 3575 1817 3652 audite
1865 3599 2010 3671 me,
2046 3579 2122 3652 et
2153 3574 2383 3653 nolite
2422 3598 2726 3653 manere
2753 3572 2910 3667 hic;
2958 3573 3091 3650 sed

853 3718 1333 3795 quacumque
1373 3694 1494 3771 die
1534 3693 1972 3796 sepelieritis
2013 3697 2336 3771 matrem
2369 3696 2703 3772 vestram
2733 3691 2933 3769 circa
2968 3715 3089 3767 me

852 3809 930 3886 in
992 3835 1140 3889 uno
1203 3812 1585 3913 sepulcre,
1640 3838 1736 3889 ex
1788 3838 1877 3890 eo
1939 3812 2237 3914 dirigite
2282 3837 2592 3915 gressus
2648 3813 2941 3890 vestros
3007 3816 3092 3888 ut

853 3928 1139 4007 exeatis
1196 3929 1412 4024 hinc;
1471 3932 1693 4009 video
1750 3932 1950 4010 enim
2003 3932 2177 4035 quia
2234 3931 2592 4035 iniquitas
2649 3935 2814 4034 ejus
2865 3930 3091 4007 finem

852 4047 1059 4126 dabit
1105 4047 1166 4126 ei
1213 4047 1359 4152 (3).
1415 4080 1449 4120 »

957 4270 1391 4348 XXXVIII.
1444 4316 1545 4329 —
1594 4272 1832 4350 Porro
1862 4275 2035 4376 post
2064 4271 2350 4375 aliquot
2388 4296 2626 4348 annos
2659 4269 3082 4373 adimpletae

852 4393 1027 4465 sunt
1083 4391 1625 4492 prophetarum
1677 4390 2259 4470 exsecrationes
2313 4391 2526 4468 Licet
2560 4389 2649 4467 de
2699 4391 3087 4466 Assurba-

911 4557 1094 4621 <1)1s.‚
1130 4557 1194 4620 x,
1220 4561 1266 4621 .‚
1294 4561 1372 4610 34.

914 4649 989 4710 (72)
1015 4647 1197 4708 Sora„
1231 4647 1298 4707 11,
1338 4654 1414 4711 13,
1451 4653 1504 4701 ¹5

911 4731 1163 4796 (3)T01³.,
1188 4733 1326 4793 xlv,
1360 4740 1407 4792 6,
1444 4742 1516 4797 ¹2,
1550 4740 1623 4789 13.
