3719 5650
1678 761 2212 833 —106—

827 928 1149 1000 tearum.
1193 923 1361 1025 Ipse
1405 926 1658 1000 autem
1700 948 1849 1000 non
1897 922 2002 999 sic
2040 920 2558 1017 arbitrabitur,
2605 926 2681 1000 et
2727 945 2857 999 cor
2903 924 3066 1025 ejus

824 1065 974 1119 non
1005 1041 1112 1118 ita
1137 1041 1597 1119 existimabit
1623 1068 1640 1136 ;
1689 1041 1820 1119 sed
1846 1042 1940 1118 ad
1971 1040 2513 1118 conterendum
2544 1040 2688 1117 erit
2711 1065 2840 1118 cor
2861 1042 3055 1143 ejus,

825 1166 903 1239 et
955 1163 1050 1239 ad
1106 1162 1698 1240 internecionem
1737 1162 2079 1264 gentium
2119 1185 2268 1238 non
2312 1186 2755 1263 paucarum.

939 1314 975 1355 »
1037 1282 1254 1359 Dicet
1299 1284 1544 1359 enim:
1593 1282 1977 1386 Numquid
2016 1307 2166 1360 non
2218 1281 2596 1385 principes
2647 1281 2796 1358 mei
2836 1280 3059 1358 simul

822 1426 1038 1505 reges
1081 1402 1304 1479 sunt?
1345 1402 1720 1504 Numquid
1775 1410 1859 1478 ut
1908 1400 2384 1497 CharcamiS‚
2436 1401 2547 1478 sic
2587 1398 2921 1478 Calano‘?
2959 1401 3061 1478 Et

823 1529 907 1600 ut
932 1523 1268 1625 Arphad‚
1324 1521 1429 1598 sic
1472 1522 1797 1600 Emathi
1842 1521 2225 1623 Numquid
2257 1546 2407 1598 non
2464 1525 2550 1598 ut
2602 1525 3052 1617 DamascuS‚

822 1642 932 1720 sic
963 1641 1361 1718 Samaria?

933 1793 969 1833 >›
1034 1760 1418 1845 Quomodo
1489 1761 1781 1839 invenit
1838 1787 2108 1839 manus
2181 1786 2349 1839 mea
2418 1786 2653 1864 regna
2702 1761 2908 1856 idoli,
2956 1762 3060 1840 sic

821 1886 895 1959 et
918 1879 1322 1958 simulacra
1351 1905 1610 1959 eorum
1636 1883 1726 1960 de
1750 1880 2179 1959 Jerusalem
2207 1885 2284 1958 et
2309 1882 2399 1959 de
2429 1880 2797 1959 Samaria.
2822 1882 3055 1959 Num-

820 2000 1004 2102 quid
1034 2024 1182 2076 non
1217 2000 1417 2078 sicut
1460 1999 1597 2078 feci
1648 2000 2014 2080 Samariae
2045 2003 2122 2078 et
2150 2000 2365 2078 idolis
2399 2002 2590 2101 ejus,
2640 2002 2749 2079 sic
2787 2001 3057 2079 faciam

817 2119 1232 2198 Jerusalem
1285 2125 1361 2198 et
1415 2120 1842 2199 simulacris
1892 2121 2110 2224 ejus?
2155 2123 2254 2197 Et
2300 2121 2444 2199 erit
2493 2147 2509 2196 t
2575 2146 2746 2198 cum
2797 2120 3055 2223 imple-

816 2239 1014 2317 verit
1050 2239 1417 2317 Dominus
1456 2244 1728 2318 cuncta
1766 2266 1994 2344 opera
2035 2266 2175 2319 sua
2214 2242 2291 2318 in
2343 2245 2599 2318 monte
2646 2240 2825 2318 Sion
2869 2246 2944 2317 et
2979 2241 3059 2316 in

816 2357 1264 2453 Jerusalem,
1294 2358 1613 2437 visitabo
1647 2385 1870 2463 super
1897 2359 2226 2439 fructum
2257 2359 2640 2462 magnifici
2667 2360 2911 2437 cordis
2945 2385 3057 2437 re-

816 2476 933 2578 gis
971 2480 1216 2556 Assur
1244 2480 1320 2554 et
1350 2502 1576 2581 super
1604 2476 1923 2580 gloriam
1952 2477 2377 2555 altitudinis
2425 2476 2815 2555 oculorum
2856 2478 3051 2580 ejuS.

932 2629 968 2672 ι»
1004 2598 1215 2675 Dixit
1251 2597 1500 2675 enim:
1549 2597 2094 2676 infortitudine
2124 2623 2395 2675 manus
2435 2622 2620 2675 meae
2659 2596 2831 2688 feci,
2855 2602 2943 2695 *et
2981 2598 3059 2674 in

820 2718 1183 2820 sapientia
1231 2742 1399 2795 mea
1451 2716 1796 2795 intellexi
1843 2745 1859 2794 :
1931 2723 2007 2796 et
2059 2718 2335 2796 abstuli
2389 2718 2749 2795 terminos
2813 2743 3055 2820 popu-

817 2838 1091 2935 lorum,
1120 2844 1197 2917 et
1228 2837 1602 2942 principes
1633 2863 1893 2916 eorum
1925 2839 2398 2943 depraedatus
2432 2863 2631 2933 sum,
2663 2841 2738 2915 et
2767 2838 3057 2915 detraxi

819 2958 1031 3061 quasi
1089 2962 1354 3061 potens
1413 2957 1492 3033 in
1548 2958 1844 3035 sublimi
1901 2959 2322 3039 residentis,
2366 2959 2467 3036 Et
2504 2956 2791 3035 invenit
2840 2957 3053 3060 quasi

818 3078 1077 3156 nidum
1128 3102 1395 3164 manus
1435 3101 1601 3154 mea
1649 3076 2169 3156 fortitudinem
2218 3078 2704 3181 populorum;
2750 3080 2825 3154 et
2862 3077 3059 3154 sicut

819 3196 1274 3299 colliguntur
1325 3223 1469 3274 ova
1531 3223 1703 3300 quae
1762 3196 2122 3275 derelicta
2179 3206 2395 3292 sunt,
2456 3196 2564 3273 sic
2618 3195 3057 3274 universam

816 3324 1098 3396 terram
1160 3344 1303 3422 ego
1367 3318 1822 3421 congregavi
1879 3345 1895 3394 ε
1966 3324 2041 3395 et
2107 3345 2257 3396 non
2319 3318 2464 3396 fuit
2524 3318 2650 3421 qui
2715 3321 3057 3395 moveret

818 3463 1138 3542 pennam
1177 3445 1252 3515 et
1288 3439 1612 3542 aperiret
1652 3464 1735 3515 os
1778 3445 1855 3515 et
1895 3440 2274 3540 ganniret.

935 3590 969 3630 »
1007 3558 1387 3659 Numquid
1423 3557 1870 3659 gloriabitur
1896 3558 2175 3635 securis
2206 3565 2470 3636 contra
2497 3583 2666 3637 eum
2694 3556 2817 3659 qui
2846 3560 3056 3633 secat

818 3679 896 3755 in
949 3684 1092 3754 ea?
1134 3680 1285 3754 Aut
1343 3676 1800 3755 exaltabitur
1853 3703 2062 3755 serra
2111 3682 2374 3757 contra
2412 3704 2584 3757 eum
2624 3703 2668 3753 a
2709 3700 2852 3779 quo
2891 3680 3054 3752 tra-

819 3795 1087 3872 hitur?
1128 3796 1516 3879 Quomodo
1558 3797 1615 3872 si
1668 3797 2010 3875 elevetur
2060 3797 2280 3900 virga
2329 3803 2591 3876 contra
2637 3796 3058 3875 elevantem

822 3940 932 4005 se,
978 3920 1054 3992 et
1092 3914 1470 3993 exaltetur
1508 3916 1859 4014 baculuS‚
1910 3918 2035 4019 qui
2075 3919 2331 4020 utique
2367 3917 2660 4021 lignum
2700 3921 2844 3995 est.

937 4066 971 4106 »
1017 4034 1337 4137 Propter
1391 4034 1531 4112 hoc
1570 4037 1824 4113 mittet
1880 4036 2305 4115 dominator
2352 4035 2719 4114 Dominus
2767 4034 3064 4112 exerci-

822 4160 1039 4232 tuum
1078 4153 1151 4230 iu
1191 4153 1600 4257 pinguibus
1648 4157 1813 4257 ejus
1873 4156 2322 4235 tenuitatem
2370 4184 2387 4235 :
2443 4161 2520 4234 et
2566 4157 2833 4234 subtus
2892 4153 3063 4256 glo-

823 4274 1013 4350 riam
1049 4275 1211 4377 ejus
1255 4299 1616 4354 succensa
1656 4275 1946 4355 ardebit
1990 4277 2205 4378 quasi
2248 4275 2670 4354 combustio
2704 4272 2939 4375 ignis.
2971 4273 3071 4348 Et

825 4394 968 4470 erit
1003 4394 1255 4471 lumen
1288 4393 1522 4473 Israel
1562 4395 1639 4472 in
1679 4395 1858 4498 igne
1902 4400 1976 4474 et
2017 4396 2337 4474 Sanctus
2370 4397 2539 4498 ejus
2579 4392 2656 4469 in
2698 4393 3007 4470 flamma
3043 4418 3060 4466 :

826 4517 901 4589 et
958 4513 1477 4608 succendetur,
1522 4519 1599 4592 et
1636 4513 2126 4593 devorabitur
2179 4516 2396 4619 spina
2451 4515 2614 4616 ejus
2670 4517 2745 4589 et
2793 4533 3070 4611 vepres

826 4633 903 4708 in
952 4632 1073 4709 die
1134 4657 1312 4709 una.
1371 4634 1468 4709 Et
1523 4634 1762 4736 gloria
1812 4633 2051 4712 saltus
2105 4636 2268 4738 ejus
2315 4638 2390 4711 et
2426 4629 2730 4710 carmeli
2773 4629 2937 4732 ejus
2976 4628 3069 4704 ab
