3719 5650
1670 684 2164 750 -98-

794 849 1108 904 suarum
1155 827 1414 906 laudes
1469 828 1847 931 acciperet
1893 826 2040 933 (1).
2090 829 2233 914 Qui
2294 853 2525 930 quum
2575 826 3038 929 imperarent

793 948 1205 1047 supradicti
1244 949 1649 1053 principes,
1686 949 2009 1051 Assyria
2047 948 2306 1026 omnia
2337 947 2566 1026 armis
2596 948 3028 1050 subegerat,

790 1068 924 1140 aut
961 1067 1498 1146 commeatibus
1536 1068 1674 1145 sibi
1724 1064 2288 1162 conciliaverat,
2345 1067 2450 1144 ita
2495 1072 2583 1145 ut
2625 1070 2791 1144 tum
2828 1091 3037 1169 prae-

790 1182 965 1260 dam
1011 1211 1105 1263 ex
1142 1186 1441 1290 integra
1476 1186 1662 1264 Asia
1710 1187 1850 1265 sibi
1891 1186 2409 1291 acquisiverit,
2455 1191 2621 1264 tum
2668 1184 3036 1263 mercium

792 1304 1039 1402 pretio
1078 1305 1383 1382 divitias
1424 1304 1847 1383 vicinarum
1885 1304 2231 1410 gentium
2286 1304 2381 1380 ad
2420 1329 2499 1381 se
2543 1301 2890 1379 traxerit.
2935 1304 3038 1379 At

789 1421 1060 1500 exinde
1088 1426 1319 1502 etiarn
1354 1425 1432 1502 in
1462 1425 1717 1503 odium
1745 1425 2093 1529 pluribus
2135 1428 2491 1517 venerat;
2527 1421 3039 1499 meminerant

790 1538 990 1617 enim
1025 1542 1267 1623 Judaei
1311 1543 1642 1629 cladium
1691 1568 2005 1623 suarum
2049 1543 2541 1643 tribuumque
2590 1540 2668 1618 in
2706 1538 3038 1642 Tigridis

791 1682 968 1738 oras
1007 1660 1565 1763 relegatarum:
1611 1663 1712 1741 ibi
1761 1688 2031 1767 passus
2064 1666 2227 1739 erat
2262 1660 2562 1755 TobiaS,
2608 1658 2710 1736 ibi
2758 1656 3039 1761 praedi-

788 1785 1097 1858 caverat
1167 1782 1217 1857 J
1222 1806 1447 1876 onaS,
1533 1786 1609 1859 et
1688 1782 2222 1884 ingemuerant
2308 1778 2662 1882 permulti
2737 1775 3031 1854 contri-

790 1893 1028 1976 bules.
1083 1900 1282 1976 Hinc
1324 1899 1692 1996 Niniven,
1749 1905 1919 2004 post
1970 1896 2548 1999 Assurbanipali
2598 1893 2791 1974 bella
2844 1889 3037 1970 flori·

791 2012 1224 2113 dissimam,
1292 2019 1450 2096 Deo
1524 2016 1805 2112 fretus,
1903 2016 2211 2095 humilis
2287 2015 2652 2118 propheta
2732 2013 3037 2107 Nahum

792 2131 1272 2237 impugnavit
1364 2138 1681 2240 ejusque
1770 2136 2066 2214 ruinam
2145 2134 2538 2212 nuntiavit
2600 2132 2718 2239 (2)
2786 2159 2803 2210 ε
2867 2157 3032 2235 quae

790 2251 1091 2353 quidem
1154 2255 1521 2357 temporis
1589 2255 1916 2334 conditio
1978 2252 2447 2333 observanda
2490 2258 2635 2346 est,
2703 2255 2788 2329 ut
2861 2275 3033 2354 pro·

792 2371 1065 2475 phetiae
1123 2375 1420 2476 pondus
1496 2380 1701 2454 recte
1795 2373 2331 2478 perpendatur,
2407 2370 2768 2450 fortitudo
2827 2396 3038 2475 prae-

793 2489 1110 2588 dicetur,
1193 2494 1576 2598 ipsiusque
1678 2492 1911 2572 futuri
1989 2492 2481 2597 praecognitio
2546 2490 3028 2569 demonstre-

790 2613 953 2687 tur.

854 2828 920 2888 (l)
951 2830 1090 2881 Nau.
1129 2831 1216 2890 ΙΙΙ,
1252 2836 1328 2890 12.
1351 2835 1429 2883 14.
1460 2860 1522 2869 —
1551 2833 1774 2895 Agitatn
1815 2830 1997 2896 potius
2034 2845 2197 2896 quam
2230 2830 2410 2881 soluta
2434 2836 2515 2880 est
2549 2829 2779 2894 quaestio
2813 2827 2879 2877 de
2914 2825 3032 2876 loco

790 2910 844 2950 et
872 2903 979 2953 situ
1019 2905 1265 2962 Ninives.
1297 2909 1445 2958 circa
1472 2915 1683 2970 tempus
1708 2922 1816 2970 quo
1846 2921 2195 2970 summopere
2231 2906 2477 2954 florebat.
2505 2905 2578 2954 Ut
2605 2901 3031 2967 probabiliorem

788 2983 1119 3031 sententiam
1160 2998 1475 3048 sequamur,
1532 2981 1746 3032 videtur
1787 2982 1943 3031 nobis
1983 2980 2305 3030 vocabulum
2361 2999 2387 3026 ι(
2424 2979 2620 3029 Ninive
2657 2997 2684 3026 ι)
2723 2979 2913 3028 stricto
2950 2980 3029 3028 vel

790 3055 945 3118 largo
979 3071 1141 3107 sensu
1175 3058 1430 3122 usurpari
1462 3072 1634 3121 posse.
1663 3058 1854 3108 Coram
1885 3057 2033 3114 enim
2064 3056 2196 3104 urbe
2232 3053 2459 3111 Mossul,
2487 3053 2667 3119 qualis
2693 3068 2839 3103 nuuc
2864 3054 3030 3102 etiam

787 3128 1018 3187 exsistit,
1050 3132 1197 3181 ultra
1254 3133 1454 3182 flumen
1505 3132 1684 3195 surgit
1729 3130 1929 3194 duplex
1979 3129 2156 3188 collis,
2210 3130 2354 3177 alius
2412 3143 2638 3193 nempe,
2690 3129 2777 3178 cui
2831 3142 3029 3177 nomen

788 3207 1111 3272 Koyumljt'k‚
1136 3209 1201 3258 ad
1235 3209 1682 3273 septentrionem.
1707 3208 1869 3270 alius,
1902 3205 2120 3256 nomine
2142 3205 2505 3260 Nebi-Yunus.
2535 3205 2679 3254 circa
2703 3204 2988 3254 meridiem
3015 3224 3027 3251 ι

785 3279 860 3329 ibi
894 3284 1183 3348 stetitipsa
1210 3284 1338 3335 urbs
1366 3283 1581 3347 Ninive,
1604 3282 1733 3333 aula
1756 3283 1907 3346 regia
1929 3280 2300 3331 Sennacherib
2329 3290 2383 3328 et
2411 3280 2781 3339 Assaraddon3
2804 3280 3032 3342 integrae

788 3358 937 3406 enim
966 3358 1109 3410 aulae
1142 3359 1242 3409 sub
1282 3359 1369 3408 his
1403 3358 1636 3410 collibus
1677 3366 1908 3421 repertae
1946 3362 2108 3406 sunt:
2148 3355 2535 3419 inscriptiones
2564 3355 2730 3403 etiam
2757 3361 2811 3403 et
2836 3353 3034 3403 lateres

790 3431 883 3494 qui
916 3433 1017 3481 hoc
1040 3434 1257 3482 nomine
1289 3452 1313 3478 ιι
1334 3432 1531 3482 Ninive
1551 3450 1577 3480 ι)
1608 3432 2010 3495 insigniuntur,
2036 3445 2150 3478 rem
2185 3431 2333 3478 ultra
2354 3427 2781 3478 controversiam
2810 3437 3032 3492 ponunt.

788 3507 861 3554 At
888 3506 1082 3557 latiore
1114 3524 1297 3570 sensu,
1326 3508 1516 3557 eodem
1548 3509 1770 3557 nomine
1793 3505 2247 3557 coadunabantur
2270 3505 2449 3565 urbes,
2480 3503 2625 3554 aedes
2647 3512 2701 3553 et
2729 3518 2881 3553 arces
2910 3518 3032 3568 quae

791 3582 935 3631 inter
976 3582 1187 3646 Tigrim
1222 3592 1277 3632 et
1315 3583 1637 3632 influentem
1672 3597 1891 3632 amnem
1935 3581 2043 3630 Zab
2074 3579 2359 3629 aedificatae
2399 3578 2645 3639 fuerant,
2675 3577 2865 3643 quales
2906 3589 3035 3628 sunt

790 3657 1067 3722 imprimis
1092 3658 1327 3708 Nimrud
1356 3665 1411 3707 et
1433 3658 1778 3718 Khorsabad;
1810 3658 1889 3706 ita
1916 3655 2157 3718 intelligi
2182 3662 2357 3718 potest
2378 3653 2699 3718 superficies
2729 3668 2832 3702 non
2854 3653 3032 3703 solum

789 3733 943 3781 urbis
967 3734 1188 3796 proprie
1214 3733 1393 3792 dictae,
1418 3734 1512 3782 sed
1540 3732 1784 3796 regionis
1818 3733 2046 3795 integrae
2076 3744 2241 3794 quam
2273 3727 2408 3779 dicit
2436 3729 2629 3792 JONAS,
2655 3726 2748 3792 111,
2778 3732 2828 3787 3,
2861 3727 3031 3778 trium

789 3820 907 3856 esse
942 3806 1180 3857 dierum.

850 3905 922 3968 (2)
956 3905 1135 3961 Quum
1157 3904 1222 3953 de
1247 3905 1514 3969 propheta
1535 3905 1773 3961 Nahum,
1812 3905 1906 3969 qui
1937 3903 2144 3953 dicitur
2180 3906 2486 3956 consolator
2531 3897 2700 3965 ΠῚΠΞ,
2743 3904 2856 3954 fere
2889 3903 3032 3954 nihil

786 3991 938 4033 extra
993 3983 1199 4035 limites
1250 3984 1426 4049 ipsius
1474 3985 1719 4034 vaticinii
1756 3984 2147 4049 inquirendum
2183 3985 2281 4047 sit,
2321 3984 2386 4034 de
2423 3985 2595 4049 ipsius
2623 3985 2736 4034 vita
2766 3991 2822 4034 et
2866 3998 3032 4048 opere

785 4058 935 4124 loqui
963 4074 1428 4124 supervacaneum
1452 4059 1709 4110 duximus
1737 4077 1748 4110 :
1778 4059 2025 4125 quaedam
2051 4069 2229 4109 tamen
2261 4061 2613 4124 praenotanda
2634 4067 2777 4110 sunt.
2810 4062 3034 4111 Attenta

788 4132 908 4198 ejus
942 4134 1248 4199 prophetia,
1288 4133 1447 4184 illum
1482 4135 1674 4184 vixisse
1715 4135 1769 4183 in
1811 4141 1960 4183 terra
1987 4133 2149 4189 Juda,
2180 4142 2423 4199 tempore
2454 4134 2750 4194 Manasses,
2781 4134 3034 4183 innuitur

786 4209 854 4272 (1,
884 4214 969 4270 τὸς
993 4208 1059 4268 11,
1087 4211 1166 4273 1);
1187 4224 1352 4274 quam
1378 4209 1602 4275 quidam
1627 4207 1956 4259 sententiam
1984 4215 2159 4258 tuetur
2183 4217 2403 4258 sanctus
2425 4208 2809 4272 Hieronymus,
2829 4208 3032 4274 quippe

785 4285 877 4348 qui
897 4283 1174 4347 prophetae
1195 4283 1507 4346 cognomini
1534 4285 1757 4335 Elcesaeo
1793 4283 2071 4342 innititur,
2097 4283 2379 4347 ipsiusque
2397 4284 2741 4346 cognominis
2761 4283 3031 4346 originem

785 4359 940 4409 ducit
959 4375 1022 4408 ex
1045 4359 1163 4409 vico
1184 4361 1389 4424 Elcesi,
1413 4361 1468 4409 in
1500 4357 1767 4409 Galilaea:
1802 4377 1823 4405 ι
1854 4358 1988 4407 Cum
2020 4356 2281 4408 Helcesaei
2316 4373 2485 4422 usque
2515 4357 2679 4407 hodie
2714 4358 2767 4406 in
2801 4357 3034 4408 Galilaea

780 4433 997 4485 viculus
1026 4435 1117 4493 sit,
1157 4449 1359 4499 parvus
1404 4434 1624 4498 quidem
1675 4442 1729 4483 et
1760 4432 1846 4481 vix
1877 4433 2057 4482 ruinis
2098 4440 2343 4482 veterum
2374 4433 2736 4483 aedificiorum
2777 4431 3032 4482 iudicans

782 4509 1031 4572 vestigia,
1051 4509 1146 4558 sed
1173 4517 1352 4559 tamen
1384 4517 1546 4559 notus
1574 4508 1783 4558 Judaeis
1813 4517 1870 4558 et
1898 4508 2032 4558 mihi
2062 4523 2277 4572 quoque
2308 4523 2339 4557 a
2370 4506 2818 4559 circumducente
2848 4524 3032 4558 mons-

784 4590 979 4632 tratur.
1003 4602 1027 4628 u
1058 4584 1284 4646 (Proleq.
1312 4585 1374 4635 in
1401 4583 1580 4643 Nam).
1601 4583 1676 4634 Cf.
1708 4584 1969 4640 Remum,
2001 4583 2305 4638 Palaestina.
2331 4586 2517 4638 Etcesi.
2548 4598 2600 4644 p.
2624 4586 2736 4634 7⁴8.
2761 4611 2824 4623 -
2855 4584 3031 4634 Hodie
