3719 5650
1495 794 1990 859 „⁵19—

606 947 861 1050 plures
899 954 975 1027 et
1030 948 1527 1050 explicitiores
1583 948 1847 1026 adesse
1896 946 2326 1049 hujusmodi
2367 948 2796 1050 prophetias
2824 1008 2843 1043 ‚

608 1091 842 1167 quum
925 1067 1180 1170 populi
1265 1067 1540 1169 pagani
1627 1066 1909 1143 arctius
1998 1066 2481 1144 israeliticam
2549 1073 2850 1167 gentem

608 1188 1070 1288 opprimunt,
1114 1186 1522 1288 augerique
1564 1186 1806 1264 minas
1845 1185 1922 1262 in
1943 1185 2282 1262 nationes
2332 1184 2477 1262 illis
2529 1185 2852 1262 funestis

613 1307 1112 1409 temporibu8‚
1157 1304 1426 1407 quibus
1454 1305 1753 1406 captiva
1796 1306 2004 1407 luget
2046 1306 2095 1381 J
2101 1306 2346 1383 uclaea.
2397 1306 2853 1383 Exsultabat

608 1426 810 1502 enim
850 1426 1375 1530 paganismus,
1426 1424 2043 1526 quotiescumque
2079 1424 2483 1501 vincebant
2526 1423 2844 1526 pagani,

611 1544 883 1647 quippe
956 1546 1084 1647 qui
1170 1545 1390 1621 idolis
1465 1569 1682 1620 suam
1760 1545 2232 1621 vindicarent
2310 1543 2705 1620 victoriam
2776 1548 2853 1620 et

610 1663 1008 1740 adversam
1052 1666 1099 1742 J
1111 1665 1497 1741 udaeorum
1534 1662 1914 1740 fortunam
1956 1664 2002 1740 J
2009 1662 2271 1739 ehovae
2319 1663 2846 1740 attribuerent.

612 1782 767 1860 Nec
808 1784 1018 1861 nobis
1059 1785 1332 1861 desunt
1359 1783 1773 1860 Bibliorum
1814 1783 2275 1878 testimonia,
2321 1782 2592 1885 quibus
2634 1783 2855 1860 inno-

611 1902 830 1978 tescit
853 1903 1222 1980 victorum
1253 1902 1719 2004 arrogantia,
1748 1927 1896 2003 qua
1922 1902 2251 2004 regionis
2282 1902 2599 1980 subditae
2631 1903 2856 1979 fidem

613 2027 692 2097 et
731 2020 1087 2121 pietatem
1119 2020 1431 2098 irridere
1464 2046 1613 2096 non
1647 2020 2059 2097 diffitentur
2093 2047 2109 2096 :
2156 2049 2192 2093 «
2228 2022 2344 2097 Ne
2378 2019 2575 2096 forte
2607 2021 2856 2097 dicant

614 2140 695 2216 in
723 2140 1093 2217 Gentibus
1129 2167 1146 2217 :
1188 2141 1311 2218 ubi
1344 2144 1458 2218 est
1481 2142 1686 2217 Deus
1716 2165 1976 2218 eorum
2010 2140 2126 2243 (1)
2160 2142 2196 2217 ⁶?
2236 2173 2269 2211 »
2305 2186 2405 2198 —
2444 2169 2481 2213 ‹<
2516 2140 2849 2218 Posuisti

618 2282 759 2336 nos
785 2258 862 2335 in
889 2259 1553 2337 contradictionem
1580 2260 1846 2337 vicinis
1876 2260 2182 2355 nostris,
2209 2269 2285 2336 et
2306 2259 2590 2336 inimici
2616 2262 2849 2336 nostri

617 2378 1282 2456 subsannaverunt
1322 2403 1457 2454 nos
1490 2376 1634 2478 (2).
1692 2411 1725 2448 »

718 2498 824 2572 At
867 2521 1049 2572 voce
1110 2496 1647 2598 prophetarum
1710 2497 1805 2571 iis
1871 2494 2289 2596 desperatis
2347 2493 2848 2597 temporibuS,

613 2615 883 2716 quibus
922 2614 1165 2693 clades
1218 2615 1552 2692 omnium
1601 2621 1930 2692 mentem
1982 2613 2473 2716 deprimebat,
2531 2614 2854 2715 quodam

611 2734 830 2810 modo
918 2758 1089 2837 spes
1174 2743 1252 2810 et
1336 2733 1691 2811 solatium
1769 2734 2306 2836 gignebantur.
2397 2732 2583 2809 Haec
2656 2733 2857 2810 enim

610 2854 955 2955 ingentia
1026 2855 1375 2958 imperia,
1461 2855 1733 2956 quibus
1830 2853 2031 2929 orbis
2116 2854 2586 2948 vastabatur,
2688 2859 2858 2955 post

608 2972 1036 3074 triumphos
1071 2983 1150 3050 et
1188 2973 1393 3075 impii
1420 2974 1674 3074 gaudii
1716 2973 2212 3050 deliramenta
2237 2972 2402 3072 jam
2436 2971 2857 3073 proximam

610 3093 914 3169 ruinam
979 3100 1053 3170 et
1107 3118 1462 3170 occasum
1500 3116 1593 3171 ex
1648 3093 2105 3195 propheticis
2147 3092 2355 3169 libris
2414 3093 2849 3169 audiebant.

613 3213 722 3288 Eo
788 3213 948 3315 ipso
1032 3220 1410 3290 momento
1495 3238 1641 3315 quo
1713 3215 1875 3310 ejus
1944 3211 2321 3289 auxilium
2391 3212 2468 3287 in
2541 3212 2856 3290 dubium

610 3332 948 3407 revocari
1000 3334 1331 3431 poterat,
1376 3330 1631 3406 divina
1669 3331 2163 3407 Providentia
2201 3329 2559 3431 populum
2611 3330 2855 3430 magis

610 3449 946 3551 erigebat
978 3448 1125 3553 (3).
1164 3451 1434 3526 Nonne
1461 3450 1813 3526 Jeremiae
1846 3451 2104 3526 statim
2135 3458 2312 3525 ante
2342 3446 2854 3550 captivitatem

609 3571 846 3646 verba
912 3568 1292 3663 facienti8‚
1367 3569 1783 3645 Ezechielis
1865 3574 1940 3644 et
2015 3568 2349 3645 Danielis
2376 3630 2395 3664 ‚
2453 3569 2579 3669 qui
2654 3566 2853 3644 inter

606 3689 943 3790 captivos
987 3689 1481 3789 scripserunt,
1518 3688 1940 3789 prophetiae
1993 3687 2356 3788 optimum
2404 3691 2581 3763 sunt
2626 3687 2849 3763 docu-

603 3819 983 3896 mentum,
1041 3833 1190 3908 quo
1246 3814 1562 3908 apparet
1625 3806 1972 3884 Jehovah
2042 3808 2427 3909 attingens
2485 3835 2521 3879 «ι
2585 3833 2631 3882 a
2701 3807 2849 3883 fine

601 3951 838 4027 usque
874 3927 971 4003 ad
1002 3927 1224 4002 finem
1253 3926 1548 4004 fortiter
1589 3923 1755 4030 (4ss
1796 3958 1831 3998 >›

706 4142 806 4218 V.
846 4188 940 4198 —
987 4143 1129 4220 Sed
1170 4169 1321 4220 non
1385 4143 1525 4220 hoc
1574 4150 1874 4219 tantum
1916 4147 2194 4246 puncto
2264 4148 2564 4221 constat
2602 4142 2845 4220 omnis

596 4261 790 4337 ratio
827 4262 1402 4364 praedictionum
1445 4272 1710 4339 contra
1752 4263 2065 4340 GenteS.

660 4439 741 4501 (Ι)
779 4437 867 4488 Ps.
917 4455 1138 4499 cxxviii,
1183 4445 1260 4490 10.

658 4523 732 4589 (2)
769 4525 855 4576 1²⁸.
884 4541 1057 4581 Lxxix.
1085 4529 1134 4577 7.

660 4615 731 4676 (3)
768 4615 1053 4675 ΟΛνιοεοΝ,
1086 4615 1162 4666 On
1198 4617 1487 4680 Prophecy,
1513 4632 1563 4679 p.
1590 4615 1681 4666 217
1712 4632 1831 4681 sqq.

661 4702 742 4764 (ὁ)
778 4700 926 4760 Sar„
965 4715 1074 4755 vui,
1116 4705 1163 4754 1.
