3719 5650
1471 739 1962 807 -85-

584 896 781 977 chiel
820 882 1069 1001 capite
1110 896 1338 975 XXX
1375 895 1806 999 descripsit.
1840 896 2006 972 Hoc
2038 898 2294 971 tamen
2322 920 2417 970 ex
2446 891 2834 970 historicis

584 1017 1052 1098 documentis
1094 1017 1353 1120 nequit
1393 1042 1531 1121 pro
1570 1020 1773 1094 certo
1818 1015 2119 1094 haberi.

689 1262 1018 1341 XXVII.
1063 1305 1169 1320 —
1205 1260 1582 1366 Objicient
1629 1260 1935 1363 quidam
1980 1258 2445 1337 Ezechielem
2494 1260 2830 1338 Herodo—

586 1387 901 1484 tumque
936 1381 1258 1458 invicem
1305 1380 1623 1485 opponi;
1671 1379 1865 1456 alter
1912 1378 2116 1456 enim
2161 1378 2241 1456 in
2289 1377 2637 1456 Mizraim
2681 1380 2842 1456 rui-

587 1524 767 1578 nam
811 1505 891 1577 et
932 1499 1255 1577 dedecus
1309 1498 1659 1593 nuntiat;
1703 1496 1894 1575 alter
1940 1498 2032 1575 de
2087 1496 2562 1574 floridissimo
2601 1522 2841 1599 regno

588 1620 894 1699 Amasis
968 1620 1163 1721 agit,
1233 1645 1382 1722 quo
1439 1623 1777 1721 tempore
1836 1619 2230 1722 AEgyptus
2293 1622 2460 1695 erat
2513 1619 2845 1697 maxime

590 1740 813 1817 beata
862 1740 940 1815 in
986 1737 1078 1814 iis
1131 1763 1300 1840 quae
1358 1738 1653 1839 regioni
1706 1762 1805 1814 ex
1851 1736 2198 1831 flumine,
2244 1734 2369 1812 vel
2397 1736 2847 1825 ,hominibus

595 1880 692 1934 ex
759 1855 1068 1958 regione
1133 1855 1710 1959 proveniebant,
1773 1854 1979 1932 sicut
2039 1860 2116 1932 et
2168 1854 2248 1931 in
2308 1855 2616 1933 urbibus
2677 1881 2847 1958 quae

550 2032 555 2043 .
593 1982 777 2054 tunc
815 1975 1351 2053 incolebantur
1382 1999 1703 2052 numero
1742 1973 1947 2052 mille
1996 1981 2075 2052 et
2109 1974 2381 2077 viginti
2405 1972 2549 2080 (l).
2596 1975 2852 2078 Hujus

598 2095 937 2198 prosperi
968 2098 1212 2172 status
1240 2098 1729 2171 monumenta
1768 2093 2188 2171 etiamnum
2227 2098 2671 2196 superstant
2690 2092 2839 2200 (2).

707 2213 893 2299 Quae
949 2213 1301 2315 objectio,
1349 2219 1435 2291 ut
1472 2213 1844 2309 solvatur,
1912 2212 2307 2315 sequentia
2355 2214 2852 2291 animadver-

600 2335 827 2411 tenda
898 2337 1108 2409 sunt.
1180 2332 1448 2410 Potuit
1514 2333 1848 2436 primum
1904 2334 2297 2436 AEgyptus
2372 2333 2672 2410 nonnisi
2717 2358 2854 2436 per

601 2455 856 2555 partes
876 2455 953 2528 et
990 2475 1139 2529 non
1173 2449 1531 2529 diuturno
1559 2451 1786 2529 nimis
1814 2457 2152 2554 tempore
2179 2451 2565 2554 occupari3
2610 2452 2855 2554 potuit

601 2571 834 2650 etiam
864 2575 1035 2676 post
1071 2595 1337 2674 pacem
1374 2572 1652 2650 iterum
1684 2571 1958 2648 florere
1993 2576 2130 2649 aut
2164 2570 2431 2649 saltem
2469 2572 2666 2648 fictae
2703 2572 2850 2651 for-

602 2695 817 2768 tunae
877 2689 1298 2793 indulgere.
1380 2692 1591 2769 Deus
1653 2690 1947 2788 deinde,
2006 2698 2095 2768 ut
2150 2691 2450 2769 decreta
2511 2692 2850 2796 impleat,

601 2835 754 2888 non
799 2835 950 2888 uno
1002 2809 1195 2908 ictu,
1263 2810 1399 2889 sed
1459 2811 1841 2915 gradatim
1895 2815 2286 2915 operatur:
2335 2812 2521 2898 Quae
2576 2812 2851 2891 Nabu-

604 2930 1067 3008 chodonosor
1109 2955 1473 3033 peragere
1509 2931 1797 3035 incipit,
1842 2956 1890 3009 a
1927 2930 2305 3035 Cambyso
2343 2932 2854 3034 perficientur,

604 3050 713 3126 ita
773 3052 895 3145 ut,
967 3073 1054 3126 eo
1133 3052 1523 3150 tempore,
1602 3048 2018 3127 Ezechielis
2097 3050 2500 3153 prophetia
2561 3051 2886 3152 penitus

604 3165 950 3245 effectum
987 3165 1348 3245 obtineat.
1398 3169 1522 3245 Ad
1569 3193 1894 3270 regnum
1948 3168 2152 3246 enim
2192 3168 2636 3247 Ptolemaeis
2673 3195 2856 3273 per-

604 3286 1120 3382 venientibuS,
1172 3286 1367 3365 nihil
1415 3312 1511 3365 ex
1569 3287 1884 3389 antiqua
1946 3288 2296 3392 AEgypto
2346 3290 2784 3367 remanebat
2836 3315 2854 3365 z

606 3405 860 3509 plures
899 3404 1199 3508 quidem
1228 3406 1484 3500 urbes,
1522 3406 1879 3483 Bubastis
1920 3406 2321 3510 imprimiS,
2357 3412 2555 3486 teste
2609 3407 2863 3486 Hero-

608 3526 816 3621 dot0,
860 3525 1310 3602 instauratae
1348 3525 1687 3604 fuerunt.
1730 3527 1837 3604 At
1875 3525 2224 3629 deinceps
2268 3526 2592 3630 pristina
2627 3526 2863 3605 liber-

608 3650 729 3724 tas
790 3646 867 3721 in
931 3643 1408 3723 indefinitum
1462 3646 1763 3724 occidit.
1838 3645 2171 3724 XXVIII
2256 3646 2638 3750 dynastia,
2697 3672 2866 3750 quae

613 3790 747 3869 per
775 3768 1087 3842 centum
1124 3763 1425 3842 circiter
1464 3765 1801 3867 integros
1844 3789 2085 3842 annos
2127 3765 2596 3862 extenditur,
2634 3766 2867 3844 series

613 3888 732 3962 est
782 3883 1200 3960 Persarum
1246 3907 1516 3986 regum
1562 3909 1609 3960 a
1661 3883 2048 3987 Cambyso
2107 3909 2351 3989 usque
2406 3885 2503 3962 ad
2553 3885 2874 3964 Darium

614 4002 956 4080 Nothum
1001 4002 1438 4081 decurrenS.
1486 4002 1871 4105 Quidquid
1921 4029 2055 4106 per
2104 4002 2585 4107 septuaginta
2634 4029 2874 4084 annos

618 4124 713 4200 ab
775 4120 1170 4225 AEgyptiis
1249 4122 1344 4198 ad
1430 4124 2029 4224 recuperandum
2098 4123 2506 4226 pristinum
2581 4127 2872 4202 statum

618 4246 999 4320 tentatum
1064 4240 1204 4336 sit,
1281 4241 1381 4318 ad
1463 4264 1844 4318 summam
1921 4246 2412 4344 potestatem,
2514 4246 2880 4346 regnante

624 4360 919 4459 Ochus,
952 4361 1192 4440 evecti
1220 4363 1399 4438 sunt
1432 4361 1691 4438 Persae
1731 4387 1749 4438 ε
1800 4363 2001 4464 quod
2041 4362 2460 4441 dominium
2495 4388 2741 4468 usque
2777 4362 2876 4444 ad

689 4552 760 4615 (ι)
790 4553 1070 4606 Hunonor.
1102 4553 1329 4617 Hister„
1370 4550 1469 4604 lib.
1502 4551 1571 4612 11,
1592 4552 1624 4616 g
1654 4553 1765 4604 177.

699 4640 775 4704 (Ξ)
806 4641 1155 4705 Wuxmson,
1177 4643 1443 4694 manners
1470 4639 1581 4690 and
1607 4644 1836 4692 customs
1866 4641 1930 4705 os
1949 4642 2032 4694 the
2060 4643 2376 4706 Eyyptians,
2410 4648 2542 4694 tom.
2567 4643 2610 4708 1,
2643 4657 2695 4707 p.
2718 4645 2828 4693 177.
