3719 5650
1671 748 2171 818 -56-

799 904 922 981 Ex
960 929 1112 981 una
1147 904 1446 1007 quidem
1503 910 1717 1009 parte
1770 907 2145 1003 Kaschta,
2190 905 2394 1010 regis
2455 905 2795 985 Piankhi
2863 930 3048 985 suc-

799 1047 1082 1119 cessor,
1130 1066 1226 1081 —-
1269 1023 1524 1106 forsan
1590 1025 1823 1103 etiam
1870 1049 2132 1126 gener,
2183 1071 2278 1082 —
2339 1023 2731 1102 conatibus
2791 1024 2926 1101 filii
2976 1028 3055 1103 et

801 1142 1260 1220 successoris
1316 1141 1729 1238 Tafnekht,
1776 1142 2076 1221 nomine
2128 1144 2645 1238 Bokenranw,
2689 1142 3052 1221 obsistere

795 1287 947 1339 non
984 1262 1267 1366 potuit3
1312 1288 1408 1341 ex
1467 1263 1715 1342 altera
1768 1289 1952 1342 vero
2007 1263 2387 1361 Schabak,
2459 1263 2658 1340 filius
2707 1263 3050 1364 ejusdem

796 1381 1174 1478 Kaschta,
1210 1382 1648 1486 AElgyptum
1686 1383 2197 1486 recuperavit,
2223 1386 2310 1460 ut
2338 1406 2610 1460 revera
2637 1381 2981 1484 princeps
3020 1406 3038 1458 ε

798 1524 964 1577 sese
999 1504 1363 1602 tanquam
1404 1525 1677 1578 verum
1715 1500 2199 1578 Pharaonem
2261 1499 2683 1594 constituit,
2729 1497 3050 1602 duplicis

796 1622 1122 1726 AEgypti
1142 1647 1497 1700 coronam
1513 1647 1947 1717 assumens,
1974 1627 2468 1724 veterumque
2487 1645 2749 1725 regum
2772 1619 3048 1697 formu-

795 1740 888 1817 lis
917 1740 1034 1846 (l)
1067 1766 1245 1819 suas
1281 1740 1823 1842 inscriptiones
1854 1740 2246 1819 decorans,
2281 1742 2578 1818 Novam
2616 1738 3043 1818 efformavit

795 1860 1269 1962 dynastiam,
1312 1884 1581 1961 nempe
1620 1860 1848 1937 XXV
1889 1855 2035 1965 (2),
2090 1859 2333 1937 tribus
2371 1858 2796 1962 aethiopicis
2837 1856 3048 1960 regi-

796 1979 936 2055 bus
1003 1978 1537 2074 constitutam,
1584 2004 1908 2081 quorum
1967 1978 2382 2074 secundus,
2446 1976 2914 2073 Schabatak,
2959 1978 3048 2052 ut

794 2101 1022 2174 antea
1072 2096 1443 2189 Kaschta,
1500 2097 1823 2199 quadam
1877 2096 2169 2201 paterni
2211 2098 2553 2176 muneris
2596 2101 2810 2200 parte
2867 2097 3044 2173 des-

790 2216 1064 2293 titutus
1124 2221 1282 2309 est;
1345 2216 1641 2293 Thebas
1699 2216 2067 2311 servavit,
2119 2241 2269 2293 non
2325 2242 2509 2294 vero
2548 2213 2922 2294 commisit
2958 2216 3044 2291 ut

795 2334 993 2413 inter
1065 2335 1454 2438 dynastias
1514 2334 1679 2413 Sais
1730 2340 1808 2413 et
1883 2336 2154 2431 TaniS,
2230 2361 2398 2438 quae
2460 2337 2553 2413 de
2603 2334 2916 2437 imperio
2962 2333 3043 2409 in

791 2454 1015 2531 Delta
1093 2456 1571 2556 pugnabant,
1649 2479 1812 2532 sese
1878 2453 2468 2550 intermisceret,
2560 2452 2703 2531 etsi
2787 2457 3046 2532 tamen

788 2572 1095 2651 civitate
1192 2572 1567 2675 Memphis
1669 2573 1764 2650 ad
1874 2574 2103 2679 breve
2180 2580 2481 2676 tempus
2574 2574 2859 2676 potitus
2943 2571 3045 2650 sit

792 2690 1253 2769 Schabatak.
1300 2691 1447 2769 Sed
1494 2694 1659 2791 jam
1717 2692 1807 2769 de
1858 2691 1984 2769 illo
2022 2698 2279 2771 actum
2332 2698 2525 2771 erat.
2574 2695 2796 2771 Anno
2838 2692 3042 2769 enim

788 2809 973 2903 692,
1019 2810 1366 2888 Tharaca
1421 2809 1578 2916 (3),
1627 2811 1757 2914 qui
1821 2810 1902 2888 in
1961 2813 2150 2890 urbe
2206 2813 2543 2915 Napata,
2590 2810 2792 2889 intra
2856 2810 3041 2889 fines

787 2929 1232 3032 AEthiopiae,
1280 2943 1637 3032 quartum
1676 2932 2054 3009 decimum
2092 2956 2379 3008 annum
2430 2934 2827 3033 regnabat,
2865 2930 3034 3032 qui-

786 3070 931 3146 que
968 3048 1208 3123 sorori
1254 3045 1598 3126 Schabak
1635 3050 1944 3151 junctus
1983 3049 2256 3145 fuerat,
2307 3049 2735 3128 Schabatak
2773 3047 3035 3151 fugato

784 3168 862 3241 et
899 3163 1178 3258 occisO,
1221 3169 1461 3243 totam
1515 3168 1994 3269 recuperavit
2032 3170 2495 3272 AEgyptum,
2542 3194 2635 3247 ex
2690 3168 3034 3247 thebaico

780 3282 1189 3386 anaglypto
1228 3286 1425 3385 quod
1480 3285 1911 3364 inferiorem
1969 3288 2589 3390 superioremque
2643 3286 3030 3390 regionem

778 3405 1075 3506 junctas
1129 3403 1363 3482 fuisse
1401 3404 1725 3507 quodam
1767 3406 2178 3484 simulacro
2218 3411 2551 3485 testatur
2592 3405 2737 3512 (4).

891 3647 1104 3724 XVI.
1138 3691 1242 3705 —
1278 3646 1479 3724 Hinc
1505 3648 1953 3726 concludere
1992 3648 2168 3727 licet
2204 3648 2399 3727 nihil
2437 3675 2533 3727 ex
2568 3648 2690 3746 iis,
2721 3674 2889 3751 quae
2922 3649 3022 3727 ad

781 3765 1080 3959 civiltem
1102 3770 1184 3898 et
1212 3764 1649 3869 religiosum
1679 3767 2002 3871 AEgypti
2044 3772 2334 3846 statum
2368 3770 2784 3872 pertinent,
2829 3766 3026 3845 Isai-

783 3909 907 3961 am
997 3908 1279 3986 ugisse.

840 4077 911 4142 (1)
944 4074 1123 4140 Vulgo
1155 4091 1168 4125 ε
1203 4077 1487 4140 protocole.

840 4168 907 4229 (2)
932 4163 1215 4227 Murano,
1243 4165 1384 4216 Hist.
1414 4178 1556 4224 auc„
1582 4180 1636 4230 p.
1666 4167 1774 4218 387.

825 4254 897 4319 (3)
926 4254 1006 4303 De
1038 4252 1243 4315 Rome,
1274 4240 1449 4305 &iude
1470 4266 1569 4305 sur
1601 4255 1671 4306 les
1691 4260 2029 4309 monuments
2053 4257 2115 4309 de
2149 4257 2426 4321 Tahraca,·
2462 4258 2725 4322 Melanqes
2753 4256 3028 4310 d'archdo·

774 4329 906 4392 loqie
939 4328 1251 4392 &gymnicum
1278 4333 1328 4380 et
1358 4331 2030 4393 assyrienne.Novemb1-e
2065 4335 2207 4393 1872,
2235 4348 2286 4398 p.
2317 4337 2364 4385 6.
2391 4358 2452 4370 —
2475 4334 2758 4391 Goonwm,
2784 4333 2929 4396 Upon
2948 4344 3026 4383 an

770 4403 1086 4466 inscription
1114 4401 1275 4464 osche
1298 4405 1449 4467 reiqn
1472 4404 1534 4469 os
1547 4405 1811 4469 Shabaka,
1841 4407 1984 4473 apud
2018 4409 2248 4473 Cumas,
2278 4408 2544 4472 Melanqes
2583 4407 3018 4472 egyptotoyiques.

772 4483 825 4528 3·
860 4477 1021 4534 serie,
1048 4482 1179 4527 tom.
1203 4476 1244 4538 1,
1271 4493 1324 4544 p.
1355 4481 1451 4530 339
1472 4494 1592 4545 sqq.

832 4565 898 4628 (⁴)
929 4561 1455 4615 Simulacrumillud
1475 4568 1640 4618 habes
1656 4569 1799 4634 apud
1820 4569 2172 4631 Lenormant,
2187 4572 2322 4624 mse.
2341 4584 2458 4623 ane.
2471 4569 2577 4621 ἀεί’
2581 4570 2787 4629 orient,
2802 4573 2930 4619 tom.
2953 4567 3017 4631 11,

772 4653 825 4704 p.
863 4641 973 4704 365,
999 4653 1061 4688 ex
1084 4636 1337 4705 Lepsiun,
1364 4634 1685 4697 Denkmc'iler
1712 4655 1813 4695 aas
1833 4645 2095 4709 AEqvpten
2130 4646 2240 4698 und
2259 4646 2582 4709 AEthiopien.
