3719 5650
1631 535 2171 605 —110—

783 700 994 774 mant
1037 694 1189 801 (l).
1242 695 1622 799 Quidquid
1661 696 1790 793 sit,
1836 701 2123 774 certum
2174 699 2514 774 remanet
2549 693 3022 796 assyriacam

781 818 1230 916 potestatem
1285 819 1466 893 tunc
1506 815 1865 919 temporis
1913 814 2184 911 ruisse,
2236 815 2411 893 dum
2449 813 2721 892 vicinae
2756 815 3022 916 gentes

781 936 861 1011 in
897 934 1059 1014 dies
1100 941 1553 1013 crescerent.

889 1184 1249 1262 XXXIX.
1284 1229 1387 1242 —
1415 1186 1521 1263 At
1553 1210 1599 1261 a
1642 1209 1824 1288 rege
1852 1184 2365 1263 Psammetico
2396 1186 2606 1261 mota
2630 1184 3024 1286 AE'gyptus

781 1306 1057 1382 iterum
1104 1299 1498 1407 Assyriam
1549 1304 1906 1382 aemulata
1952 1313 2072 1383 est
2128 1308 2204 1382 et
2245 1302 2746 1406 impugnavit.
2803 1304 3022 1380 Post-

783 1450 1012 1526 quam
1062 1424 1261 1501 enim
1305 1424 1611 1502 secessit
1644 1423 2255 1527 Assurbanipalis
2293 1421 2700 1518 exercitus,
2748 1423 3026 1498 Psam-

782 1544 1100 1621 meticus
1140 1542 1726 1620 philistinorum
1769 1547 1991 1622 urbes
2051 1567 2457 1646 aggressus
2522 1545 2674 1638 est,
2742 1541 3026 1619 Gazam

785 1662 1058 1741 evertit
1099 1666 1173 1740 et
1222 1664 1543 1739 Azotum
1585 1663 1871 1741 obsedit
1910 1691 1927 1741 :
1967 1666 2184 1767 cujus
2221 1660 2593 1758 defuncti,
2640 1686 2835 1739 anno
2869 1660 3028 1738 612

786 1786 960 1859 ante
1021 1781 1447 1876 Christum,
1497 1781 1693 1861 filius
1732 1784 2035 1861 Nechao
2077 1784 2146 1861 11
2184 1780 2465 1860 bellum
2504 1804 2677 1858 cum
2713 1781 3027 1884 Assyrio

785 1906 1229 2005 persecutus
1286 1905 1425 1979 est.
2036 1931 2039 1934 ⁴

896 2021 1051 2099 Nec
1114 2020 1346 2099 tutior
1412 2016 1753 2121 Assyriis
1823 2021 1987 2095 erat
2058 2018 2451 2097 orientalis
2502 2044 2765 2098 eorum
2811 2019 3016 2098 finis·

791 2143 936 2220 Hic
991 2141 1191 2219 enim
1255 2164 1540 2219 novum
1602 2140 2057 2241 assurgebat
2123 2139 2526 2242 imperium
2597 2141 2794 2242 quod
2850 2165 3020 2217 me-

790 2262 997 2340 dicas
1054 2261 1326 2354 tribuS,
1387 2284 1523 2364 per
1583 2258 1729 2336 duo
1791 2257 2091 2361 integra
2157 2258 2466 2356 saecula,
2523 2286 2570 2337 a
2627 2259 3026 2338 Salmana-

794 2407 964 2462 saro
1012 2381 1085 2459 II
1128 2380 1225 2459 ad
1263 2377 1907 2473 Assaraddonem,
1952 2378 2345 2482 assyriaca
2388 2382 2760 2482 potestate
2797 2404 3027 2456 vexa-

790 2508 909 2580 tas
953 2506 1086 2579 aut
1121 2504 1554 2603 occupataS‚
1600 2499 1677 2575 in
1708 2522 1946 2576 unum
1974 2498 2427 2577 coadunavit
2469 2525 2488 2577 ε
2535 2503 2620 2576 ut
2657 2498 3029 2575 firmiores

793 2626 870 2700 et
932 2619 1334 2697 validiores
1425 2618 1871 2713 evaderent,
1959 2616 2110 2694 illae
2179 2618 2423 2695 tribus
2484 2618 2663 2696 duci
2739 2617 3033 2696 cuidam

794 2742 1148 2845 DejoceS,
1222 2764 1447 2844 quem
1512 2738 1920 2842 assyriacae
2002 2737 2529 2842 inscriptiones
2605 2737 3034 2843 Dahyauka

793 2867 1094 2954 vocant,
1125 2887 1293 2940 sese
1342 2861 1661 2939 subdere
1699 2886 1850 2938 non
1896 2860 2462 2939 dubitaverunt.
2511 2862 2713 2939 Dum
2752 2863 3030 2939 Assur-

791 2981 1095 3086 banipal
1165 2981 1530 3059 adversus
1587 2981 2046 3084 AEgyptum,
2108 2980 2604 3083 Babyloniam
2646 2984 2719 3059 et
2768 2980 3034 3057 AElam

793 3100 1050 3207 procul
1100 3103 1526 3204 pugnabat,
1560 3100 1762 3178 Medi
1810 3103 2262 3202 potestatem
2294 3125 2509 3177 suam
2535 3099 2643 3178 ita
2675 3099 3028 3178 extende-

793 3225 1000 3317 runt,
1046 3226 1134 3299 ut
1170 3222 1626 3317 PhraorteS,
1684 3222 1987 3324 Dejocis
2027 3245 2442 3316 successor,
2507 3219 2743 3324 patris
2797 3218 3028 3296 domi-

792 3341 1005 3418 nium
1077 3339 1555 3444 ampliaverit
1609 3343 1684 3417 et
1761 3339 2068 3435 Persia,
2151 3340 2249 3416 ad
2308 3339 2578 3417 Mediae
2633 3337 3030 3416 meridiem

782 3465 1114 3567 jacente,
1173 3462 1461 3565 potitus
1510 3461 1769 3542 fuerit.

895 3584 1103 3661 Idem
1146 3583 1582 3676 PhraorteS,
1629 3581 1980 3659 defuncto
2031 3581 2655 3686 Assurbanipale‚
2715 3581 3037 3659 tentavit

851 3793 926 3856 (1)
961 3790 1091 3839 Haec
1126 3789 1433 3852 fragmenta
1462 3787 1527 3838 de
1553 3790 1713 3839 verbo
1747 3788 1818 3838 ad
1847 3789 2073 3840 verbum
2102 3789 2267 3840 vertit
2293 3791 2360 3840 A.
2394 3790 2588 3852 Sues,
2615 3787 2672 3839 in
2701 3789 3036 3853 Babylonian

788 3869 1108 3925 Literalure,
1144 3880 1195 3928 p.
1229 3867 1392 3915 79-80.
1418 3891 1477 3901 —
1531 3864 1610 3914 Cf.
1665 3867 1726 3916 R.
1758 3868 1839 3928 P.,
1885 3865 1988 3916 vol.
2020 3881 2095 3925 xi,
2142 3882 2193 3929 p.
2221 3869 2302 3916 79.
2329 3893 2388 3903 —
2435 3865 2677 3916 Criticus
2733 3864 2850 3924 ille,
2903 3865 3033 3929 quia

786 3939 1094 3990 tabularum
1139 3938 1340 3988 litterae
1391 3937 1633 3989 deterius
1677 3949 1990 4003 exarantur,
2017 3940 2216 3990 exinde
2271 3940 2551 3990 concludit
2597 3940 2814 4004 regium
2844 3939 3032 3990 decre-

788 4023 900 4064 tum
930 4029 993 4063 eo
1025 4019 1266 4078 tempore
1295 4013 1561 4077 prodiisse
1591 4030 1698 4079 quo
1734 4014 1927 4065 Ninive
1968 4022 2068 4065 aut
2108 4015 2475 4072 obsidebatur,
2505 4021 2600 4066 aut
2626 4019 2677 4066 in
2709 4031 2772 4066 eo
2808 4025 2927 4066 erat
2975 4025 3037 4066 ut

782 4096 1098 4154 caperetur;
1145 4088 1247 4139 etsi
1289 4089 1405 4138 haec
1435 4088 1723 4138 subtiliora
1750 4089 2061 4154 videantur,
2095 4098 2283 4140 notare
2325 4089 2459 4140 libet
2495 4089 2721 4140 nomina
2757 4089 3033 4138 Assarad-

782 4166 958 4228 donis,
1017 4184 1038 4210 ι
1067 4165 1215 4228 regis
1268 4165 1506 4227 Assyriae
1539 4184 1563 4212 n
1601 4164 1884 4216 Kaztaritu
1936 4172 2030 4216 aut
2084 4165 2340 4229 Cyaxaris
2397 4164 2589 4229 «regis
2635 4163 2967 4228 Kar-Kassi‚
2997 4185 3022 4212 ι»

782 4241 911 4292 alibi
946 4259 972 4289 «
991 4241 1139 4305 regis
1164 4240 1379 4302 Medico,
1404 4258 1427 4290 ι
1468 4240 1812 4300 Mamitassu,
1845 4241 1992 4305 regis
2019 4241 2214 4293 Mediae
2244 4256 2453 4293 necnon
2485 4248 2539 4292 et
2567 4239 3023 4305 Cymmeriorum,

782 4316 1083 4380 Medorum,
1142 4316 1337 4378 Minni,
1384 4317 1479 4382 qui
1534 4317 1785 4367 obsident
1838 4317 2108 4368 Khartam
2159 4326 2213 4368 et
2271 4320 2508 4379 Cisassu,
2563 4314 3025 4380 septentrionales

784 4390 1020 4454 Assyriae
1052 4390 1240 4451 urbes;
1288 4390 1538 4456 praecipit
1570 4406 1660 4440 rex
1694 4397 1753 4440 ut
1795 4397 2016 4441 centum
2053 4392 2248 4442 diebus
2289 4397 2616 4457 centumque
2652 4389 2920 4451 noctibus,
2953 4391 3020 4440 ad

786 4465 1082 4532 placandos
1105 4465 1233 4517 deos
1261 4465 1637 4533 fugandosque
1660 4465 1861 4529 hostes,
1879 4466 2183 4532 jejunetur.
