3719 5650
1739 758 2277 830 —180—

878 941 1161 1021 ponere
1185 916 1551 1018 juvabit:
1605 949 1642 989 ‹
1687 915 2022 1012 Ululate,
2085 939 2322 993 naves
2394 912 2632 991 maris
2688 909 2805 1019 (1)
2868 938 2886 990 ε
2946 910 3129 1013 quia

880 1039 1184 1114 vastata
1233 1039 1351 1113 est
1395 1035 1700 1129 domuS,
1766 1035 1969 1112 unde
2027 1033 2290 1112 venire
2346 1036 2904 1111 consueverant
2952 1057 2972 1108 z
3036 1030 3130 1108 de

881 1159 1088 1233 terra
1125 1154 1422 1233 Cethim
1462 1154 1884 1234 revelatum
1933 1157 2049 1232 est
2091 1153 2227 1231 eis,
2262 1153 2571 1247 Tacete,
2605 1150 2736 1254 qui
2769 1149 3128 1229 habitatis

882 1274 963 1350 in
992 1273 1294 1351 insula:
1338 1274 1848 1377 negotiatores
1894 1270 2226 1369 Sidonis,
2260 1271 2849 1350 transfretantes
2882 1294 3120 1365 mare,

880 1392 1373 1495 repleverunt
1426 1398 1529 1471 te.
1582 1394 1672 1471 In
1727 1393 1942 1495 aquis
1989 1392 2246 1469 multis
2299 1416 2558 1469 semen
2607 1389 2791 1485 Nili,
2853 1390 3124 1467 messis

882 1509 1218 1587 fluminis
1278 1510 1542 1614 fruges
1608 1514 1774 1615 ejus
1828 1537 1845 1590 :
1909 1516 1988 1589 et
2043 1512 2242 1590 facta
2305 1514 2420 1588 est
2469 1508 2879 1612 negotiatio
2936 1533 3129 1611 gen-

883 1628 1105 1706 tium.
1170 1630 1576 1725 Erubesce,
1643 1630 1910 1726 Sidon3
1989 1630 2100 1709 ait
2180 1629 2384 1708 enim
2466 1653 2709 1722 mare,
2766 1627 3127 1729 fortitudo

884 1747 1142 1845 marm,
1187 1749 1441 1829 dicens
1486 1776 1506 1827 t
1553 1752 1726 1829 Non
1774 1749 2179 1853 parturivi,
2223 1754 2303 1827 et
2336 1774 2487 1827 non
2524 1747 2809 1853 peperi,
2857 1753 2939 1826 et
2975 1772 3128 1825 non

887 1867 1224 1946 enutrivi
1272 1870 1617 1970 juvence,
1667 1893 1807 1948 nec
1862 1869 1960 1946 ad
1998 1869 2547 1947 incrementum
2587 1868 2906 1973 perduxi
2953 1866 3128 1946 vir-

881 1988 1125 2090 gineS.
1188 1990 1439 2075 Quum
1488 1991 1832 2068 auditum
1895 1989 2128 2067 fuerit
2176 1989 2254 2066 in
2317 1992 2701 2093 AEgypto,
2766 1987 3126 2067 dolebunt

824 2176 828 2183 ,
882 2131 1052 2184 cum
1089 2109 1464 2188 audierint
1514 2110 1607 2188 de
1647 2112 1883 2214 Tyro,

996 2256 1034 2299 »
1069 2229 1425 2308 Transite
1464 2230 1736 2326 maria,
1763 2228 2075 2325 ululate,
2106 2229 2233 2332 qui
2283 2230 2639 2308 habitatis
2680 2228 2757 2306 in
2803 2228 3054 2306 insula
3098 2252 3116 2306 :

882 2348 1247 2449 numquid
1322 2374 1474 2427 non
1547 2354 1805 2428 vestra
1864 2350 2028 2427 haec
2102 2355 2244 2445 est,
2309 2374 2475 2450 quae
2551 2348 3019 2452 gloriabatur
3077 2371 3124 2424 a

882 2465 1143 2543 diebus
1168 2468 1504 2568 pristinis
1546 2469 1623 2546 in
1658 2470 2123 2571 antiquitate
2161 2470 2347 2547 sua?
2380 2470 2675 2546 Ducent
2701 2492 2868 2546 eam
2896 2466 3123 2570 pedes

890 2586 1008 2662 sui
1091 2585 1311 2689 longe
1383 2587 1481 2666 ad
1569 2589 2230 2691 peregrinandum.
2303 2588 2490 2675 Quis
2559 2588 2922 2692 cogitavit
2981 2588 3126 2666 hoc

886 2728 1116 2804 super
1150 2706 1437 2807 Tyrum
1493 2709 1875 2809 quondam
1925 2714 2361 2785 coronatam
2399 2706 2550 2813 (2),
2608 2709 2831 2809 cujus
2884 2732 3123 2813 nego-

883 2822 1195 2901 tiatores
1230 2827 1630 2930 principeS‚
1688 2828 2071 2906 institores
2120 2830 2285 2930 ejus
2346 2829 2612 2932 inclyti
2649 2830 2919 2907 terrae?
2962 2830 3119 2906 Do-

880 2942 1132 3018 minus
1167 2947 1641 3024 exercituum
1673 2947 2041 3050 cogitavit
2068 2947 2239 3043 hoc,
2281 2952 2369 3025 ut
2398 2948 2824 3027 detraheret
2860 2972 3121 3052 super-

882 3060 1082 3137 biam
1147 3064 1389 3141 omnis
1455 3065 1709 3167 gloriae
1802 3072 1879 3143 et
1958 3066 2053 3143 ad
2144 3066 2639 3169 ignominiam
2722 3067 3124 3146 deduceret

882 3181 1276 3259 universos
1330 3182 1653 3286 inclytos
1709 3189 1964 3263 terrae.

995 3329 1033 3372 »
1063 3301 1339 3378 Transi
1367 3306 1651 3380 terram
1670 3307 1884 3381 tuam
1912 3305 2130 3405 quasi
2157 3304 2465 3402 flumen,
2500 3303 2654 3383 fllia
2682 3304 2940 3398 maris;
2968 3329 3116 3382 non

881 3424 1001 3496 est
1055 3419 1450 3522 cingulum
1500 3422 1704 3500 ultra
1749 3422 1884 3501 tibi
1925 3421 2072 3529 (3).
2126 3425 2441 3503 Manum
2491 3451 2709 3503 suam
2783 3424 3118 3503 extendit

879 3563 1102 3641 super
1147 3564 1381 3636 mare,
1437 3543 1922 3622 conturbavit
1961 3569 2196 3646 regna
2240 3572 2258 3622 ε
2311 3547 2679 3624 Dominus
2730 3544 3121 3624 mandavit

877 3659 1243 3736 adversus
1322 3647 1685 3740 Chanaan
1770 3669 1857 3741 ut
1949 3670 2376 3742 contereret
2458 3664 2688 3744 fortes
2770 3666 2932 3767 ejus
2956 3724 2976 3759 ‚
3045 3669 3119 3741 et

877 3776 1065 3854 dixit
1132 3780 1359 3857 :Non
1416 3783 1718 3884 adjicies
1770 3784 1974 3861 ultra
2038 3789 2124 3861 ut
2185 3785 2579 3887 glorieris,
2663 3786 3118 3865 calumniam

877 3896 1287 3994 sustinens,
1332 3900 1552 4002 virgo
1591 3903 1748 3979 fllia
1781 3903 2082 3981 Sidonis
2115 3928 2132 3982 ε
2193 3906 2268 3980 in
2310 3905 2608 3984 Cethim
2647 3931 3114 4008 consurgens

872 4014 1331 4113 transfreta,
1388 4018 1491 4095 ibi
1553 4046 1846 4124 quoque
1902 4047 2054 4100 non
2134 4025 2282 4102 erit
2340 4026 2638 4128 requies
2686 4026 2821 4105 tibi
2873 4053 2890 4104 :
2946 4049 3118 4105 ecce

920 4247 1137 4313 (1)Heb.
1160 4232 1387 4328 ΨᾮἽΞΞἹ
1424 4236 1627 4323 Μ’ξζξ,
1650 4265 1807 4305 naves
1840 4253 2088 4320 TharsiS,
2117 4271 2238 4322 quae
2268 4257 2422 4306 ibant
2452 4257 2506 4308 in
2533 4259 2776 4311 Tharais.

932 4356 992 4411 (2)
1027 4353 1310 4409 ΠὩΜἺἾΓΙ,
1353 4365 1653 4412 coronans,
1684 4369 1805 4416 quae
1835 4357 2056 4420 quidem
2093 4373 2323 4409 coronas
2356 4359 2642 4412 distribuit
2670 4370 2726 4412 et
2757 4378 2913 4427 reges
2946 4364 3112 4416 insti-

870 4427 977 4475 tuit
999 4430 1049 4476 in
1076 4428 1242 4478 variis
1270 4428 1384 4477 suis
1415 4428 1661 4478 coloniis.
1693 4429 1777 4483 Cf.
1802 4431 1948 4491 Jen„
1985 4448 2111 4488 xxv,
2146 4441 2223 4485 22.

871 4600 887 4651 l
935 4527 1002 4590 (3)
1035 4526 1199 4650 Heblr.
1224 4545 1249 4575 α
1267 4528 1461 4578 Transi
1488 4536 1686 4580 terram
1711 4538 1880 4594 tuam,
1905 4533 2049 4585 sicut
2068 4534 2249 4594 Nilus,
2273 4537 2390 4588 fllia
2408 4539 2660 4605 Tharsis;
2683 4556 2788 4591 non
2812 4546 2894 4591 est
2912 4541 3110 4606 cingu-

897 4616 988 4650 um
1019 4616 1145 4667 amp
1175 4618 1276 4652 ius.
1302 4623 1323 4648 n
