3719 5650
1589 758 2129 825 -173--

734 916 933 994 tiaoo
970 902 1294 1018 quodam
1344 914 1595 1017 legato
1647 914 1723 993 in
1781 913 2082 1019 Syriam
2129 911 2446 1007 factum,
2494 910 2695 989 eirea
2751 909 2980 988 finem

735 1038 954 1141 regni
995 1038 1319 1116 Ramses
1359 1037 1430 1114 II
1486 1035 1632 1142 (l).

843 1155 1226 1260 Quidquid
1270 1155 1372 1233 sit
1428 1156 1522 1234 de
1576 1157 1721 1233 hao
1780 1154 2122 1250 theoria,
2169 1150 2698 1232 continentalis
2745 1153 2975 1245 urba,

733 1277 1201 1381 PalaetyruS,
1244 1300 1412 1377 quae
1477 1276 1638 1353 sola
1692 1278 1986 1379 poterat
2042 1273 2328 1352 moenia
2376 1271 2821 1367 extendere,
2884 1295 2980 1347 ex

734 1395 1168 1499 supradicta
1240 1395 1540 1475 Sidonis
1627 1393 2017 1473 eversione
2105 1415 2480 1470 summam
2570 1389 2977 1467 utilitatem

732 1515 956 1618 cepit,
999 1515 1185 1593 adeo
1241 1521 1330 1592 ut
1382 1512 1802 1591 incolarum
1852 1537 2215 1591 numerus
2290 1535 2468 1588 mox
2532 1508 2971 1613 duplicatus

733 1633 988 1714 fuerit.

835 1954 1112 2034 LXXI.
1176 1995 1280 2010 —
1333 1950 1532 2028 Hinc
1565 1949 1981 2029 Phoeniciae
2020 1951 2267 2030 oritur
2326 1977 2528 2032 nova
2563 1954 2779 2048 aetas„
2823 1976 2974 2053 qua

730 2075 1161 2152 dominatur
1175 2072 1459 2174 Tyrus,
1476 2068 2038 2173 praecipuasque
2071 2070 2676 2174 septentrionalis
2697 2068 2976 2149 Palaes-

725 2193 909 2273 tinae
946 2190 1223 2269 littoris
1258 2192 1485 2268 urbes
1522 2188 1662 2266 sibi
1702 2189 1981 2268 subdit.
2030 2190 2227 2277 Quia
2259 2190 2653 2292 hueusque
2691 2189 2974 2268 eaedem

727 2316 956 2392 nrbes
993 2311 1193 2388 inter
1231 2335 1311 2387 se
1351 2309 1621 2387 divisae
1650 2321 2231 2412 permanserant
2267 2314 2681 2411 mutuaque
2717 2308 2972 2411 negle-

733 2433 1008 2508 xerant
1046 2427 1457 2516 commoda,
1488 2428 1651 2529 jam
1688 2426 1931 2504 facilis
1954 2429 2293 2506 externis
2332 2429 2676 2507 hostibus
2715 2428 2975 2531 praeda

730 2548 1189 2641 evadebant3
1268 2547 1466 2649 quod
1532 2551 1620 2623 ut
1680 2546 2016 2624 vitarent
2087 2546 2537 2650 periculum,
2600 2546 2677 2625 in
2732 2571 2971 2624 unum

727 2667 1171 2745 coadunatae
1230 2668 1411 2742 sunt
1459 2664 1907 2768 populorum
1967 2665 2243 2764 foeduS,
2289 2674 2592 2745 servata.
2645 2665 2973 2769 genuina
3053 2715 3062 2722 -

727 2786 1190 2865 auctoritate
1261 2789 1339 2864 et
1409 2783 1728 2889 pristina
1803 2786 2202 2889 potestatis
2281 2785 2572 2883 forma,
2641 2791 2720 2865 et
2791 2785 2976 2889 Tyri

728 2930 987 3010 regem
1016 2964 1035 3002 ,
1108 2905 1330 3007 quasi
1389 2905 1614 2984 unius
1658 2906 1906 3008 gentis
1961 2905 2374 3010 principem
2401 2965 2422 3003 ,
2484 2906 2712 3010 ipsae,
2775 2929 2974 2985 una-

732 3050 878 3127 que
948 3048 1210 3103 earum
1283 3049 1504 3128 reges
1529 3084 1551 3120 ,
1618 3024 2041 3128 elegerunt.
2124 3026 2301 3104 Sive
2385 3025 2561 3129 quia
2640 3029 2975 3104 veterem

727 3143 1163 3246 metropolis
1218 3144 1660 3223 memoriam
1724 3170 2033 3224 servare
2112 3146 2504 3240 studebat,
2564 3144 2733 3223 sive
2796 3143 2977 3246 quia

729 3265 1113 3368 praecipua
1150 3265 1267 3342 vis
1306 3264 1668 3362 Sidoniis,
1716 3266 1837 3345 vel
1891 3291 2152 3345 recens
2211 3265 2538 3360 obrutiS,
2581 3288 2974 3343 remanse-

730 3391 880 3482 rat,
912 3385 1096 3488 Tyri
1135 3410 1275 3464 rex
1312 3390 1624 3465 vocatus
1662 3391 1780 3464 est
1826 3417 1865 3460 «ι
1900 3387 2382 3474 Sidoniorum
2410 3412 2545 3465 rex
2573 3383 2719 3493 (2),
2757 3416 2794 3459 »
2839 3408 2979 3463 neo

732 3530 931 3582 unus
960 3510 1211 3583 tamen
1243 3505 1594 3608 idemque
1622 3505 1768 3584 fuit
1793 3531 1969 3584 oum
1991 3507 2286 3586 subdito
2313 3536 2351 3580 ι
2375 3506 2678 3586 Sidonis
2701 3529 2906 3608 rege.
2936 3535 2970 3578 ›

739 3627 905 3728 Ipse
963 3627 1221 3704 omnia
1281 3652 1452 3728 quae
1514 3627 1610 3704 ad
1671 3625 2212 3706 foederatorum
2267 3625 2715 3730 populorum
2775 3648 2982 3704 oom-

737 3743 961 3820 moda
1001 3744 1510 3846 pertinebant,
1561 3746 1967 3840 statuebat,
2012 3745 2582 3842 commeatibus»,
2639 3743 2974 3838 ooloniiS,

741 3861 1194 3939 exercitibus
1255 3861 1763 3965 classibusque
1826 3868 2187 3965 praeerat,
2250 3868 2326 3942 et
2379 3864 2472 3942 de
2530 3861 2980 3942 commercio

741 4003 913 4056 oum
951 3979 1289 4056 externis
1329 3981 1684 4083 gentibus
1741 3984 2061 4086 agebat;
2118 3981 2186 4060 ei
2222 3983 2538 4061 aderant
2584 3981 2814 4086 legati
2854 3979 2981 4083 qui

740 4122 1039 4200 quoque
1077 4122 1275 4176 anno
1326 4101 1419 4177 ab
1477 4099 1792 4179 urbibus
1838 4100 2362 4181 mittebantur,

847 4218 1074 4313 Hinc,
1106 4218 1286 4320 quia
1313 4219 1615 4297 Aradus
1642 4220 1805 4298 sola
1826 4222 2010 4299 urbs
2037 4226 2199 4299 erat
2227 4244 2394 4323 quae
2424 4220 2712 4323 tyrium
2747 4219 2983 4322 impe-

745 4460 1140 4585 H(1)C1111A11³As‚
1202 4461 1406 4528 Voyaye
1454 4463 1589 4514 d'un
1644 4462 1943 4531 quptien,
1993 4464 2257 4528 chalons,
2316 4468 2467 4516 186⁶.
2519 4463 2600 4516 Cf.
2637 4462 2703 4517 R.
2747 4461 2829 4520 P..
2875 4461 2984 4514 vol.

799 4573 811 4595 ,
849 4549 900 4600 p.
1031 4571 1044 4584 .
1348 4553 1353 4564 ·

804 4635 879 4699 (2,
916 4635 1013 4686 Pu.
1043 4635 1283 4695 Burman,
1314 4635 1388 4689 La
1415 4637 1689 4702 Phanio-ie,
1724 4652 1776 4703 p.
1809 4637 1861 4690 7.
