3719 5650
1562 851 2107 918 -155—

707 1005 875 1083 dein
934 1005 1314 1103 musicus,
1387 1005 1517 1108 qui
1572 1005 1893 1107 harpam
1954 1003 2328 1107 percutit,
2391 1003 2587 1081 hanc
2652 1028 2952 1082 scenam

707 1127 1038 1228 perficit,
1111 1151 1277 1228 quae
1342 1124 1421 1202 in
1471 1124 1882 1229 assyriacis
1941 1122 2455 1201 monumentis
2514 1122 2718 1200 haud
2772 1147 2946 1201 raro

707 1245 1133 1346 repperitur
1171 1243 1319 1350 (1).

817 1362 897 1440 Si
979 1362 1419 1466 hujusmodi
1496 1361 2128 1464 descriptionibus
2211 1359 2514 1438 nonnisi
2592 1361 2958 1439 indirecte

710 1481 1084 1560 illustrata
1147 1487 1268 1559 est
1331 1482 1871 1585 prophetarum
1936 1481 2316 1576 narratio,
2379 1505 2548 1583 quae
2611 1482 2958 1558 obsessos

709 1601 788 1678 in
847 1601 1097 1678 media
1150 1625 1365 1679 coena
1419 1600 1667 1679 ebrios
1715 1600 2218 1703 deprehensos
2271 1599 2512 1677 fuisse
2558 1599 2825 1695 refert,
2871 1599 2963 1678 de

707 1719 1070 1797 benevolo
1119 1726 1375 1798 tamen
1422 1718 1671 1796 animo
1717 1718 2148 1821 quo‘victor
2187 1718 2442 1823 ,Cyrus
2491 1720 2568 1795 in
2615 1717 2952 1823 Babylo-

710 1838 872 1917 nios
919 1864 1329 1941 eorumque
1386 1839 1563 1916 deos
1615 1838 1784 1931 fuit,
1849 1839 2208 1917 certiores
2258 1838 2435 1916 facti
2491 1863 2783 1915 sumus.

824 2246 1024 2324 LXI.
1114 2291 1218 2303 —
1292 2245 1391 2350 2)
1464 2244 1997 2348 Inscriptiones
2058 2245 2289 2341 enim,
2351 2291 2455 2304 —
2506 2253 2584 2326 et
2655 2248 2796 2326 hoc
2868 2251 2961 2329 de

719 2367 1180 2468 supradictis
1229 2364 1700 2444 documentis
1749 2366 2079 2442 secundo
2144 2369 2412 2444 notare
2465 2371 2810 2469 praestat,
2860 2414 2962 2429 -·—

713 2486 1149 2587 praesertim
1216 2510 1399 2563 vero
1466 2484 1645 2590 Cyri
1705 2484 2116 2589 cylindrus,
2178 2486 2270 2562 de
2337 2487 2670 2588 pacificis
2728 2488 2961 2592 hujus

719 2606 925 2708 regis
983 2606 1321 2683 moribus
1376 2608 1623 2707 agunt
1678 2609 1754 2683 et
1805 2606 1897 2682 de
1951 2629 2319 2707 propenso
2368 2608 2619 2684 animo
2681 2633 2827 2711 quo
2882 2610 2962 2687 in

714 2753 893 2805 eum
942 2727 1255 2806 fuerunt
1314 2727 1661 2805 nationes
1718 2726 2064 2820 devictae,
2124 2731 2199 2804 et
2259 2752 2437 2830 quc,
2490 2754 2671 2833 pace
2726 2730 2957 2809 resti-

711 2851 927 2944 tuta,
1010 2848 1246 2926 talem
1319 2847 1391 2925 ei
1479 2846 1986 2925 reverentiam
2050 2847 2568 2949 praestiterunt
2649 2854 2738 2926 ut
2801 2854 2964 2928 tota

715 2966 1201 3045 occidentalis
1257 2967 1444 3044 Asia
1502 2990 1686 3042 mox
1756 2964 1954 3071 Cyro
2010 2965 2332 3042 Domino
2391 2966 2952 3047 acclamaverit.

712 3086 939 3183 Sane,
996 3091 1085 3164 ut
1149 3111 1382 3191 supra
1433 3084 1793 3181 diximuS,
1841 3084 2209 3162 chaldaici
2267 3085 2560 3181 scribae,
2631 3112 2728 3165 ex
2781 3088 2960 3192 Cyri

715 3203 1032 3282 licentia
1062 3263 1081 3298 ,
1172 3229 1344 3283 cum
1428 3205 1750 3305 quodam
1845 3204 2251 3280 verborum
2325 3207 2625 3281 tumore
2705 3230 2961 3308 regem

718 3322 979 3400 inflate
1025 3323 1389 3403 extollere
1437 3325 1873 3426 potuerunt.
1923 3320 2494 3399 Advertendum
2542 3326 2796 3401 tamen
2849 3329 2964 3402 est

710 3444 1057 3522 eumdem
1139 3444 1471 3547 Cyrum,
1567 3468 1791 3545 quem
1887 3443 2222 3520 Marduk
2316 3467 2575 3545 regem
2663 3445 2957 3547 justum

714 3592 749 3633 «ι
965 3588 1107 3641 sua
1180 3551 1495 3641 dextero.
1578 3564 1935 3640 tuebatur
1967 3619 1987 3655 ,
2084 3561 2459 3639 enutrivit
2544 3562 2626 3640 in
2713 3564 2956 3643 medio

705 3684 930 3758 terrae
971 3679 1118 3787 (2),
1171 3714 1207 3754 »
1278 3683 1374 3759 ab
1446 3681 1640 3758 Isaia
1706 3679 1966 3757 vocari
2042 3704 2350 3756 servum
2414 3684 2490 3757 et
2563 3679 2957 3762 Christum

705 3798 1016 3876 Jehovae
1072 3799 1499 3902 divinaeque
1540 3798 1861 3901 justitiae
1913 3796 2415 3895 defensorem,
2461 3798 2579 3877 his
2631 3803 2955 3905 propriis

706 3915 960 3993 verbis
1014 3942 1031 3992 ε
1087 3944 1122 3988 ‹<
1178 3916 1364 3993 Haec
1426 3916 1607 3994 dicit
1668 3915 2040 3994 Dominus
2117 3913 2418 3994 Christo
2478 3943 2646 3997 meo
2713 3919 2950 4025 Cyro,

707 4035 923 4137 cujus
959 4035 1414 4137 apprehendi
1446 4036 1863 4130 dexteram,
1897 4040 1986 4112 ut
2033 4034 2438 4137 subjiciam
2484 4042 2659 4117 ante
2687 4038 2955 4118 faciem

705 4155 871 4256 ejus
926 4159 1327 4257 gentes....
1387 4155 1550 4256 Ego
1603 4154 1972 4232 suscitavi
2023 4179 2201 4232 eum
2263 4157 2359 4234 ad
2404 4157 2814 4259 justitiam,
2875 4164 2953 4240 et

707 4297 965 4351 omnes
1021 4274 1186 4351 vias
1246 4274 1411 4376 ejus
1468 4271 1794 4376 dirigam
1832 4271 1983 4378 (3).
2037 4306 2072 4346 »

769 4489 844 4552 (1)
880 4488 1221 4551 Rmvmnsou,
1258 4489 1484 4542 ancient
1510 4487 1887 4552 Monarcln‘e33‚
1917 4487 2021 4538 vol.
2055 4488 2096 4552 Ι,
2133 4503 2184 4553 p.
2217 4491 2325 4547 ⁴93,
2365 4493 2453 4540 580
2495 4505 2611 4556 sqq.
2662 4519 2724 4532 --
2758 4494 2954 4547 νισοῦ-

707 4577 869 4627 noux,
897 4563 969 4615 La
1000 4564 1149 4617 Bible
1178 4567 1225 4615 et
1250 4565 1322 4616 lcs
1347 4563 1691 4618 Ddcouvertes
1719 4562 2026 4625 modernae,
2054 4563 2157 4614 vol.
2189 4564 2282 4626 1v,
2316 4580 2367 4630 p.
2393 4569 2501 4618 475.
2532 4572 2642 4618 481.

769 4650 838 4715 (2)
869 4650 948 4700 Cs.
987 4666 1175 4716 supra,
1208 4655 1388 4716 p.147„

770 4740 837 4800 (8)
869 4739 959 4802 Is„
996 4755 1120 4800 xm,
1153 4745 1199 4800 1,
1226 4744 1303 4790 ¹3.
