<?xml version="1.0" encoding="UTF-8"?>
<!DOCTYPE html PUBLIC "-//W3C//DTD XHTML 1.0 Transitional//EN"
    "http://www.w3.org/TR/xhtml1/DTD/xhtml1-transitional.dtd">
<html xmlns="http://www.w3.org/1999/xhtml" xml:lang="en" lang="en">
 <head>
  <title>
</title>
<meta http-equiv="Content-Type" content="text/html;charset=utf-8" />
  <meta name='ocr-system' content='tesseract 3.04.00' />
  <meta name='ocr-capabilities' content='ocr_page ocr_carea ocr_par ocr_line ocrx_word'/>
</head>
<body>
  <div class='ocr_page' id='page_1' title='image "./deoneribusbibli00rohagoog_0157.png"; bbox 0 0 3719 5650; ppageno 0'>
   <div class='ocr_carea' id='block_1_1' title="bbox 1561 785 2100 849">
    <p class='ocr_par' dir='ltr' id='par_1_1' title="bbox 1561 785 2100 849">
     <span class='ocr_line' id='line_1_1' title="bbox 1561 785 2100 849; baseline 0.004 -2"><span class='ocrx_word' id='word_1_1' title='bbox 1561 785 2100 849; x_wconf 76' lang='lat'>—145—</span> 
     </span>
    </p>
   </div>
   <div class='ocr_carea' id='block_1_2' title="bbox 692 932 2951 2231">
    <p class='ocr_par' dir='ltr' id='par_1_2' title="bbox 692 932 2951 2231">
     <span class='ocr_line' id='line_1_2' title="bbox 697 932 2951 1035; baseline -0.001 -24"><span class='ocrx_word' id='word_1_2' title='bbox 697 933 800 1011; x_wconf 90' lang='lat' dir='ltr'>dii</span> <span class='ocrx_word' id='word_1_3' title='bbox 838 932 1012 1029; x_wconf 85' lang='lat' dir='ltr'>Kis‚</span> <span class='ocrx_word' id='word_1_4' title='bbox 1058 932 1298 1012; x_wconf 82' lang='lat' dir='ltr'>Beltis</span> <span class='ocrx_word' id='word_1_5' title='bbox 1341 938 1418 1012; x_wconf 83' lang='lat' dir='ltr'>et</span> <span class='ocrx_word' id='word_1_6' title='bbox 1461 935 1586 1014; x_wconf 90' lang='grc'>10.</span> <span class='ocrx_word' id='word_1_7' title='bbox 1624 934 1725 1013; x_wconf 90' lang='lat' dir='ltr'>dii</span> <span class='ocrx_word' id='word_1_8' title='bbox 1769 933 2510 1013; x_wconf 84' lang='lat' dir='ltr'>Kharsak-Kalama</span> <span class='ocrx_word' id='word_1_9' title='bbox 2569 934 2651 1010; x_wconf 90' lang='lat' dir='ltr'>in</span> <span class='ocrx_word' id='word_1_10' title='bbox 2702 932 2951 1035; x_wconf 77' lang='lat' dir='ltr'>Baby-</span> 
     </span>
     <span class='ocr_line' id='line_1_3' title="bbox 693 1051 2948 1160; baseline -0.001 -31"><span class='ocrx_word' id='word_1_11' title='bbox 693 1051 942 1130; x_wconf 91' lang='lat' dir='ltr'>lonem</span> <span class='ocrx_word' id='word_1_12' title='bbox 1010 1053 1556 1133; x_wconf 81' lang='lat' dir='ltr'>descenderunt</span> <span class='ocrx_word' id='word_1_13' title='bbox 1618 1051 1765 1160; x_wconf 86' lang='lat'>(1).</span> <span class='ocrx_word' id='word_1_14' title='bbox 1840 1055 1996 1133; x_wconf 88' lang='lat' dir='ltr'>Sub</span> <span class='ocrx_word' id='word_1_15' title='bbox 2062 1055 2210 1133; x_wconf 89' lang='lat' dir='ltr'>fine</span> <span class='ocrx_word' id='word_1_16' title='bbox 2265 1054 2548 1133; x_wconf 83' lang='lat' dir='ltr'>mensis</span> <span class='ocrx_word' id='word_1_17' title='bbox 2617 1051 2792 1130; x_wconf 89' lang='lat' dir='ltr'>Elul</span> <span class='ocrx_word' id='word_1_18' title='bbox 2844 1052 2948 1126; x_wconf 88' lang='lat' dir='ltr'>dii</span> 
     </span>
     <span class='ocr_line' id='line_1_4' title="bbox 695 1169 2944 1276; baseline -0.001 -28"><span class='ocrx_word' id='word_1_19' title='bbox 695 1172 949 1249; x_wconf 87' lang='lat' dir='ltr'>Accad</span> <span class='ocrx_word' id='word_1_20' title='bbox 995 1174 1121 1251; x_wconf 95' lang='grc'>11.</span> <span class='ocrx_word' id='word_1_21' title='bbox 1168 1173 1298 1276; x_wconf 92' lang='lat' dir='ltr'>qui</span> <span class='ocrx_word' id='word_1_22' title='bbox 1333 1179 1551 1252; x_wconf 84' lang='lat' dir='ltr'>erant</span> <span class='ocrx_word' id='word_1_23' title='bbox 1587 1174 1791 1253; x_wconf 81' lang='lat' dir='ltr'>ultra</span> <span class='ocrx_word' id='word_1_24' title='bbox 1829 1181 1905 1253; x_wconf 83' lang='lat' dir='ltr'>et</span> <span class='ocrx_word' id='word_1_25' title='bbox 1942 1174 2144 1252; x_wconf 79' lang='lat' dir='ltr'>infra</span> <span class='ocrx_word' id='word_1_26' title='bbox 2182 1173 2457 1252; x_wconf 87' lang='lat' dir='ltr'>eoelum</span> <span class='ocrx_word' id='word_1_27' title='bbox 2500 1169 2944 1273; x_wconf 75' lang='lat' dir='ltr'>BabyloniS,</span> 
     </span>
     <span class='ocr_line' id='line_1_5' title="bbox 695 1292 2951 1398; baseline -0.001 -29"><span class='ocrx_word' id='word_1_28' title='bbox 695 1293 1267 1372; x_wconf 82' lang='lat' dir='ltr'>descenderunt.</span> <span class='ocrx_word' id='word_1_29' title='bbox 1322 1293 1451 1372; x_wconf 92' lang='lat' dir='ltr'>Dii</span> <span class='ocrx_word' id='word_1_30' title='bbox 1511 1295 1911 1398; x_wconf 79' lang='lat' dir='ltr'>Borsippa,</span> <span class='ocrx_word' id='word_1_31' title='bbox 1976 1294 2231 1373; x_wconf 81' lang='lat' dir='ltr'>Cutha</span> <span class='ocrx_word' id='word_1_32' title='bbox 2307 1295 2432 1374; x_wconf 76' lang='lat'>12.</span> <span class='ocrx_word' id='word_1_33' title='bbox 2504 1297 2581 1371; x_wconf 80' lang='lat' dir='ltr'>et</span> <span class='ocrx_word' id='word_1_34' title='bbox 2630 1292 2951 1395; x_wconf 82' lang='lat' dir='ltr'>Sippara</span> 
     </span>
     <span class='ocr_line' id='line_1_6' title="bbox 695 1410 2949 1516; baseline -0.001 -28"><span class='ocrx_word' id='word_1_35' title='bbox 695 1435 848 1489; x_wconf 90' lang='lat' dir='ltr'>non</span> <span class='ocrx_word' id='word_1_36' title='bbox 898 1412 1480 1492; x_wconf 83' lang='lat' dir='ltr'>descenderunt.</span> <span class='ocrx_word' id='word_1_37' title='bbox 1546 1415 1805 1493; x_wconf 91' lang='lat' dir='ltr'>Mense</span> <span class='ocrx_word' id='word_1_38' title='bbox 1870 1416 2234 1492; x_wconf 84' lang='lat' dir='ltr'>Tammuz</span> <span class='ocrx_word' id='word_1_39' title='bbox 2306 1412 2556 1516; x_wconf 84' lang='lat' dir='ltr'>Cyrus</span> <span class='ocrx_word' id='word_1_40' title='bbox 2629 1412 2709 1487; x_wconf 92' lang='lat' dir='ltr'>in</span> <span class='ocrx_word' id='word_1_41' title='bbox 2781 1410 2949 1487; x_wconf 87' lang='lat' dir='ltr'>Ru-</span> 
     </span>
     <span class='ocr_line' id='line_1_7' title="bbox 692 1528 2944 1636; baseline -0.002 -28"><span class='ocrx_word' id='word_1_42' title='bbox 692 1534 860 1609; x_wconf 82' lang='lat' dir='ltr'>tum</span> <span class='ocrx_word' id='word_1_43' title='bbox 916 1530 1033 1636; x_wconf 75' lang='lat'>(2)</span> <span class='ocrx_word' id='word_1_44' title='bbox 1082 1557 1424 1636; x_wconf 82' lang='lat' dir='ltr'>pugnam</span> <span class='ocrx_word' id='word_1_45' title='bbox 1463 1537 1855 1612; x_wconf 82' lang='lat' dir='ltr'>contra....</span> <span class='ocrx_word' id='word_1_46' title='bbox 1925 1533 2051 1610; x_wconf 86' lang='lat'>13.</span> <span class='ocrx_word' id='word_1_47' title='bbox 2097 1530 2431 1610; x_wconf 90' lang='lat' dir='ltr'>fluminis</span> <span class='ocrx_word' id='word_1_48' title='bbox 2483 1529 2817 1610; x_wconf 83' lang='lat' dir='ltr'>Nizallat</span> <span class='ocrx_word' id='word_1_49' title='bbox 2865 1528 2944 1605; x_wconf 93' lang='lat' dir='ltr'>in</span> 
     </span>
     <span class='ocr_line' id='line_1_8' title="bbox 692 1650 2938 1731; baseline -0 -6"><span class='ocrx_word' id='word_1_50' title='bbox 692 1650 938 1728; x_wconf 86' lang='lat' dir='ltr'>medio</span> <span class='ocrx_word' id='word_1_51' title='bbox 963 1651 1339 1729; x_wconf 82' lang='lat' dir='ltr'>exercitus</span> <span class='ocrx_word' id='word_1_52' title='bbox 1365 1653 1647 1731; x_wconf 85' lang='lat' dir='ltr'>Accad.</span> <span class='ocrx_word' id='word_1_53' title='bbox 1678 1651 1839 1731; x_wconf 88' lang='lat' dir='ltr'>Viri</span> <span class='ocrx_word' id='word_1_54' title='bbox 1868 1654 2122 1731; x_wconf 86' lang='lat' dir='ltr'>Acead</span> <span class='ocrx_word' id='word_1_55' title='bbox 2165 1652 2290 1731; x_wconf 80' lang='lat'>14.</span> <span class='ocrx_word' id='word_1_56' title='bbox 2326 1651 2938 1729; x_wconf 82' lang='lat' dir='ltr'>insurrexerunt.</span> 
     </span>
     <span class='ocr_line' id='line_1_9' title="bbox 693 1767 2944 1874; baseline -0.001 -29"><span class='ocrx_word' id='word_1_57' title='bbox 693 1767 1009 1863; x_wconf 86' lang='lat' dir='ltr'>Milites,</span> <span class='ocrx_word' id='word_1_58' title='bbox 1071 1768 1358 1848; x_wconf 85' lang='lat' dir='ltr'>decima</span> <span class='ocrx_word' id='word_1_59' title='bbox 1422 1778 1697 1873; x_wconf 88' lang='lat' dir='ltr'>quarta</span> <span class='ocrx_word' id='word_1_60' title='bbox 1761 1771 1910 1862; x_wconf 89' lang='lat' dir='ltr'>die,</span> <span class='ocrx_word' id='word_1_61' title='bbox 1964 1771 2288 1874; x_wconf 76' lang='lat' dir='ltr'>Sippara</span> <span class='ocrx_word' id='word_1_62' title='bbox 2348 1773 2629 1873; x_wconf 82' lang='lat' dir='ltr'><strong>absque</strong></span> <span class='ocrx_word' id='word_1_63' title='bbox 2689 1791 2944 1872; x_wconf 86' lang='lat' dir='ltr'>pugna</span> 
     </span>
     <span class='ocr_line' id='line_1_10' title="bbox 696 1887 2926 1994; baseline -0 -31"><span class='ocrx_word' id='word_1_64' title='bbox 696 1892 1089 1988; x_wconf 79' lang='lat' dir='ltr'>ceperunt.</span> <span class='ocrx_word' id='word_1_65' title='bbox 1145 1890 1271 1968; x_wconf 82' lang='lat'>15.</span> <span class='ocrx_word' id='word_1_66' title='bbox 1313 1890 1751 1969; x_wconf 85' lang='lat' dir='ltr'>Nabonidus</span> <span class='ocrx_word' id='word_1_67' title='bbox 1788 1890 2117 1994; x_wconf 77' lang='lat' dir='ltr'>aufugit.</span> <span class='ocrx_word' id='word_1_68' title='bbox 2174 1890 2491 1968; x_wconf 87' lang='lat' dir='ltr'>Decima</span> <span class='ocrx_word' id='word_1_69' title='bbox 2527 1893 2744 1966; x_wconf 81' lang='lat' dir='ltr'>sexta</span> <span class='ocrx_word' id='word_1_70' title='bbox 2780 1887 2926 1980; x_wconf 91' lang='lat' dir='ltr'>die,</span> 
     </span>
     <span class='ocr_line' id='line_1_11' title="bbox 694 2005 2935 2113; baseline -0.001 -31"><span class='ocrx_word' id='word_1_71' title='bbox 694 2005 1007 2108; x_wconf 85' lang='lat' dir='ltr'>Ugbaru</span> <span class='ocrx_word' id='word_1_72' title='bbox 1072 2006 1235 2112; x_wconf 88' lang='lat'>(3),</span> <span class='ocrx_word' id='word_1_73' title='bbox 1295 2007 1696 2113; x_wconf 81' lang='lat' dir='ltr'>praefectus</span> <span class='ocrx_word' id='word_1_74' title='bbox 1754 2015 1982 2088; x_wconf 79' lang='lat' dir='ltr'>terrae</span> <span class='ocrx_word' id='word_1_75' title='bbox 2049 2008 2371 2087; x_wconf 82' lang='lat' dir='ltr'>Gutium</span> <span class='ocrx_word' id='word_1_76' title='bbox 2420 2013 2497 2085; x_wconf 79' lang='lat' dir='ltr'>et</span> <span class='ocrx_word' id='word_1_77' title='bbox 2550 2005 2935 2083; x_wconf 84' lang='lat' dir='ltr'>exercitus</span> 
     </span>
     <span class='ocr_line' id='line_1_12' title="bbox 693 2122 2942 2231; baseline -0 -30"><span class='ocrx_word' id='word_1_78' title='bbox 693 2122 882 2226; x_wconf 75' lang='lat' dir='ltr'>Cyri</span> <span class='ocrx_word' id='word_1_79' title='bbox 923 2125 1082 2203; x_wconf 85' lang='lat' dir='ltr'>sine</span> <span class='ocrx_word' id='word_1_80' title='bbox 1120 2152 1381 2230; x_wconf 84' lang='lat' dir='ltr'>pugna</span> <span class='ocrx_word' id='word_1_81' title='bbox 1443 2127 1568 2206; x_wconf 84' lang='lat'>16.</span> <span class='ocrx_word' id='word_1_82' title='bbox 1624 2128 2094 2231; x_wconf 81' lang='lat' dir='ltr'>Babylonem</span> <span class='ocrx_word' id='word_1_83' title='bbox 2125 2127 2714 2216; x_wconf 80' lang='lat' dir='ltr'>descenderunt3</span> <span class='ocrx_word' id='word_1_84' title='bbox 2758 2148 2942 2227; x_wconf 85' lang='lat' dir='ltr'>pos-</span> 
     </span>
    </p>
   </div>
   <div class='ocr_carea' id='block_1_3' title="bbox 684 2357 2948 4306">
    <p class='ocr_par' dir='ltr' id='par_1_3' title="bbox 692 2357 2948 3856">
     <span class='ocr_line' id='line_1_13' title="bbox 754 2357 2938 2425; baseline -0.002 -16"><span class='ocrx_word' id='word_1_85' title='bbox 754 2359 830 2421; x_wconf 77' lang='lat'>(1)</span> <span class='ocrx_word' id='word_1_86' title='bbox 858 2357 1132 2409; x_wconf 85' lang='lat' dir='ltr'>Nabonidi</span> <span class='ocrx_word' id='word_1_87' title='bbox 1170 2362 1427 2425; x_wconf 78' lang='lat' dir='ltr'>pietatem</span> <span class='ocrx_word' id='word_1_88' title='bbox 1455 2361 1509 2410; x_wconf 87' lang='lat' dir='ltr'>in</span> <span class='ocrx_word' id='word_1_89' title='bbox 1542 2362 1670 2411; x_wconf 86' lang='lat' dir='ltr'>deos</span> <span class='ocrx_word' id='word_1_90' title='bbox 1697 2362 1862 2411; x_wconf 87' lang='lat' dir='ltr'>timor</span> <span class='ocrx_word' id='word_1_91' title='bbox 1886 2363 2071 2417; x_wconf 76' lang='lat' dir='ltr'>movit.</span> <span class='ocrx_word' id='word_1_92' title='bbox 2094 2369 2153 2410; x_wconf 89' lang='lat' dir='ltr'>ut</span> <span class='ocrx_word' id='word_1_93' title='bbox 2181 2366 2408 2425; x_wconf 81' lang='lat' dir='ltr'>apparet</span> <span class='ocrx_word' id='word_1_94' title='bbox 2433 2374 2494 2408; x_wconf 85' lang='lat' dir='ltr'>ex</span> <span class='ocrx_word' id='word_1_95' title='bbox 2523 2357 2757 2423; x_wconf 88' lang='lat' dir='ltr'>quodam</span> <span class='ocrx_word' id='word_1_96' title='bbox 2792 2362 2938 2406; x_wconf 84' lang='lat' dir='ltr'>textu</span> 
     </span>
     <span class='ocr_line' id='line_1_14' title="bbox 698 2432 2939 2501; baseline -0.002 -17"><span class='ocrx_word' id='word_1_97' title='bbox 698 2437 785 2484; x_wconf 80' lang='lat'>159</span> <span class='ocrx_word' id='word_1_98' title='bbox 816 2432 1090 2482; x_wconf 81' lang='lat' dir='ltr'>linearum</span> <span class='ocrx_word' id='word_1_99' title='bbox 1130 2434 1186 2483; x_wconf 87' lang='lat' dir='ltr'>in</span> <span class='ocrx_word' id='word_1_100' title='bbox 1223 2441 1333 2484; x_wconf 86' lang='lat' dir='ltr'>tres</span> <span class='ocrx_word' id='word_1_101' title='bbox 1362 2435 1647 2485; x_wconf 86' lang='lat' dir='ltr'>columnas</span> <span class='ocrx_word' id='word_1_102' title='bbox 1672 2435 1877 2495; x_wconf 80' lang='lat' dir='ltr'>diviso;</span> <span class='ocrx_word' id='word_1_103' title='bbox 1912 2438 2003 2501; x_wconf 89' lang='lat' dir='ltr'>qui</span> <span class='ocrx_word' id='word_1_104' title='bbox 2038 2434 2169 2485; x_wconf 89' lang='lat' dir='ltr'>dum</span> <span class='ocrx_word' id='word_1_105' title='bbox 2201 2433 2406 2498; x_wconf 82' lang='lat' dir='ltr'>templa</span> <span class='ocrx_word' id='word_1_106' title='bbox 2431 2433 2483 2482; x_wconf 91' lang='lat' dir='ltr'>in</span> <span class='ocrx_word' id='word_1_107' title='bbox 2516 2432 2744 2482; x_wconf 88' lang='lat' dir='ltr'>deorum</span> <span class='ocrx_word' id='word_1_108' title='bbox 2770 2432 2939 2480; x_wconf 86' lang='lat' dir='ltr'>hono·</span> 
     </span>
     <span class='ocr_line' id='line_1_15' title="bbox 694 2504 2948 2575; baseline -0.001 -20"><span class='ocrx_word' id='word_1_109' title='bbox 694 2522 811 2556; x_wconf 89' lang='lat' dir='ltr'>rem</span> <span class='ocrx_word' id='word_1_110' title='bbox 849 2514 1125 2558; x_wconf 82' lang='lat' dir='ltr'>exstructa</span> <span class='ocrx_word' id='word_1_111' title='bbox 1154 2516 1360 2567; x_wconf 85' lang='lat' dir='ltr'>narrat,</span> <span class='ocrx_word' id='word_1_112' title='bbox 1405 2509 1474 2558; x_wconf 96' lang='lat' dir='ltr'>ad</span> <span class='ocrx_word' id='word_1_113' title='bbox 1512 2510 1740 2573; x_wconf 83' lang='lat' dir='ltr'>populos</span> <span class='ocrx_word' id='word_1_114' title='bbox 1770 2509 1978 2559; x_wconf 83' lang='lat' dir='ltr'>vicinos</span> <span class='ocrx_word' id='word_1_115' title='bbox 2008 2525 2144 2575; x_wconf 89' lang='lat' dir='ltr'>quos</span> <span class='ocrx_word' id='word_1_116' title='bbox 2182 2507 2449 2573; x_wconf 81' lang='lat' dir='ltr'>propheta</span> <span class='ocrx_word' id='word_1_117' title='bbox 2485 2506 2744 2561; x_wconf 73' lang='lat' dir='ltr'>adversus</span> <span class='ocrx_word' id='word_1_118' title='bbox 2775 2504 2948 2569; x_wconf 81' lang='lat' dir='ltr'>Baby-</span> 
     </span>
     <span class='ocr_line' id='line_1_16' title="bbox 694 2579 2944 2651; baseline -0.001 -20"><span class='ocrx_word' id='word_1_119' title='bbox 694 2584 875 2632; x_wconf 87' lang='lat' dir='ltr'>lonem</span> <span class='ocrx_word' id='word_1_120' title='bbox 916 2585 1307 2646; x_wconf 73' lang='lat' dir='ltr'>praenuntiavit</span> <span class='ocrx_word' id='word_1_121' title='bbox 1346 2586 1681 2650; x_wconf 73' lang='lat' dir='ltr'>incedentes,</span> <span class='ocrx_word' id='word_1_122' title='bbox 1728 2585 1969 2636; x_wconf 80' lang='lat' dir='ltr'>alludit:</span> <span class='ocrx_word' id='word_1_123' title='bbox 2024 2604 2052 2634; x_wconf 93' lang='lat'>«</span> <span class='ocrx_word' id='word_1_124' title='bbox 2089 2592 2135 2637; x_wconf 88' lang='lat'>8.</span> <span class='ocrx_word' id='word_1_125' title='bbox 2179 2582 2478 2651; x_wconf 69' lang='lat' dir='ltr'>1·llul·l}ul,</span> <span class='ocrx_word' id='word_1_126' title='bbox 2512 2581 2778 2645; x_wconf 84' lang='lat' dir='ltr'>templum</span> <span class='ocrx_word' id='word_1_127' title='bbox 2822 2579 2944 2639; x_wconf 87' lang='lat' dir='ltr'>Sin,</span> 
     </span>
     <span class='ocr_line' id='line_1_17' title="bbox 692 2658 2939 2727; baseline -0.002 -18"><span class='ocrx_word' id='word_1_128' title='bbox 692 2659 836 2724; x_wconf 90' lang='lat' dir='ltr'>quod</span> <span class='ocrx_word' id='word_1_129' title='bbox 866 2661 915 2712; x_wconf 89' lang='lat' dir='ltr'>in</span> <span class='ocrx_word' id='word_1_130' title='bbox 950 2658 1165 2725; x_wconf 67' lang='lat' dir='ltr'>Har-ran</span> <span class='ocrx_word' id='word_1_131' title='bbox 1202 2666 1302 2723; x_wconf 87' lang='lat' dir='ltr'>est,</span> <span class='ocrx_word' id='word_1_132' title='bbox 1329 2664 1382 2712; x_wconf 84' lang='grc'>9.</span> <span class='ocrx_word' id='word_1_133' title='bbox 1416 2662 1508 2711; x_wconf 86' lang='lat' dir='ltr'>ubi</span> <span class='ocrx_word' id='word_1_134' title='bbox 1544 2662 1612 2710; x_wconf 89' lang='lat' dir='ltr'>ab</span> <span class='ocrx_word' id='word_1_135' title='bbox 1638 2662 1885 2726; x_wconf 81' lang='lat' dir='ltr'>antiquis</span> <span class='ocrx_word' id='word_1_136' title='bbox 1922 2662 2115 2712; x_wconf 88' lang='lat' dir='ltr'>diebus</span> <span class='ocrx_word' id='word_1_137' title='bbox 2144 2663 2262 2727; x_wconf 90' lang='lat' dir='ltr'>Sin,</span> <span class='ocrx_word' id='word_1_138' title='bbox 2287 2677 2520 2727; x_wconf 82' lang='lat' dir='ltr'>magnus</span> <span class='ocrx_word' id='word_1_139' title='bbox 2553 2659 2828 2715; x_wconf 78' lang='lat' dir='ltr'>domiuus,</span> <span class='ocrx_word' id='word_1_140' title='bbox 2864 2661 2939 2707; x_wconf 87' lang='grc'><strong>10.</strong></span> 
     </span>
     <span class='ocr_line' id='line_1_18' title="bbox 692 2733 2940 2801; baseline -0.002 -17"><span class='ocrx_word' id='word_1_141' title='bbox 692 2743 953 2801; x_wconf 87' lang='lat' dir='ltr'>tanquam</span> <span class='ocrx_word' id='word_1_142' title='bbox 982 2738 1034 2786; x_wconf 91' lang='lat' dir='ltr'>in</span> <span class='ocrx_word' id='word_1_143' title='bbox 1066 2737 1228 2787; x_wconf 90' lang='lat' dir='ltr'>domo</span> <span class='ocrx_word' id='word_1_144' title='bbox 1257 2752 1369 2786; x_wconf 75' lang='lat' dir='ltr'>suae</span> <span class='ocrx_word' id='word_1_145' title='bbox 1407 2736 1690 2786; x_wconf 80' lang='lat' dir='ltr'>felicitatis</span> <span class='ocrx_word' id='word_1_146' title='bbox 1719 2737 2035 2797; x_wconf 52' lang='lat' dir='ltr'>habitabam</span> <span class='ocrx_word' id='word_1_147' title='bbox 2070 2745 2143 2789; x_wconf 86' lang='grc'>11.</span> <span class='ocrx_word' id='word_1_148' title='bbox 2176 2746 2368 2789; x_wconf 86' lang='lat' dir='ltr'>contra</span> <span class='ocrx_word' id='word_1_149' title='bbox 2396 2737 2673 2788; x_wconf 79' lang='lat' dir='ltr'>civitatem</span> <span class='ocrx_word' id='word_1_150' title='bbox 2710 2733 2940 2796; x_wconf 83' lang='lat' dir='ltr'>ejusque</span> 
     </span>
     <span class='ocr_line' id='line_1_19' title="bbox 693 2810 2942 2879; baseline -0 -19"><span class='ocrx_word' id='word_1_151' title='bbox 693 2813 958 2877; x_wconf 87' lang='lat' dir='ltr'>templum</span> <span class='ocrx_word' id='word_1_152' title='bbox 996 2812 1172 2863; x_wconf 83' lang='lat' dir='ltr'>iratus</span> <span class='ocrx_word' id='word_1_153' title='bbox 1210 2820 1293 2863; x_wconf 81' lang='lat' dir='ltr'>est</span> <span class='ocrx_word' id='word_1_154' title='bbox 1330 2813 1384 2862; x_wconf 91' lang='lat' dir='ltr'>in</span> <span class='ocrx_word' id='word_1_155' title='bbox 1428 2829 1527 2863; x_wconf 87' lang='lat' dir='ltr'>suo</span> <span class='ocrx_word' id='word_1_156' title='bbox 1570 2812 1734 2864; x_wconf 87' lang='lat' dir='ltr'>corde</span> <span class='ocrx_word' id='word_1_157' title='bbox 1777 2820 1832 2864; x_wconf 87' lang='lat' dir='ltr'>et</span> <span class='ocrx_word' id='word_1_158' title='bbox 1873 2814 1950 2865; x_wconf 73' lang='lat'>12.</span> <span class='ocrx_word' id='word_1_159' title='bbox 1998 2814 2250 2879; x_wconf 78' lang='lat' dir='ltr'>permisit</span> <span class='ocrx_word' id='word_1_160' title='bbox 2282 2812 2595 2865; x_wconf 80' lang='lat' dir='ltr'>Sabmanda</span> <span class='ocrx_word' id='word_1_161' title='bbox 2645 2810 2942 2877; x_wconf 88' lang='lat' dir='ltr'>appropin-</span> 
     </span>
     <span class='ocr_line' id='line_1_20' title="bbox 692 2886 2939 2953; baseline -0.001 -17"><span class='ocrx_word' id='word_1_162' title='bbox 692 2901 861 2950; x_wconf 85' lang='lat' dir='ltr'>quare</span> <span class='ocrx_word' id='word_1_163' title='bbox 907 2896 960 2938; x_wconf 87' lang='lat' dir='ltr'>et</span> <span class='ocrx_word' id='word_1_164' title='bbox 996 2890 1098 2939; x_wconf 87' lang='lat' dir='ltr'>hoc</span> <span class='ocrx_word' id='word_1_165' title='bbox 1138 2889 1403 2953; x_wconf 88' lang='lat' dir='ltr'>templum</span> <span class='ocrx_word' id='word_1_166' title='bbox 1437 2904 1631 2939; x_wconf 86' lang='lat' dir='ltr'>eruere</span> <span class='ocrx_word' id='word_1_167' title='bbox 1671 2897 1727 2939; x_wconf 87' lang='lat' dir='ltr'>et</span> <span class='ocrx_word' id='word_1_168' title='bbox 1761 2889 1815 2938; x_wconf 90' lang='lat' dir='ltr'>in</span> <span class='ocrx_word' id='word_1_169' title='bbox 1850 2891 2043 2940; x_wconf 82' lang='lat' dir='ltr'>ruinas</span> <span class='ocrx_word' id='word_1_170' title='bbox 2070 2897 2391 2942; x_wconf 65' lang='lat' dir='ltr'>evm-tere...-</span> <span class='ocrx_word' id='word_1_171' title='bbox 2430 2894 2509 2939; x_wconf 81' lang='grc'><strong>16.</strong></span> <span class='ocrx_word' id='word_1_172' title='bbox 2540 2889 2596 2938; x_wconf 88' lang='lat' dir='ltr'>Iu</span> <span class='ocrx_word' id='word_1_173' title='bbox 2638 2886 2798 2937; x_wconf 87' lang='lat' dir='ltr'>initio</span> <span class='ocrx_word' id='word_1_174' title='bbox 2830 2886 2939 2935; x_wconf 84' lang='lat' dir='ltr'>mei</span> 
     </span>
     <span class='ocr_line' id='line_1_21' title="bbox 692 2962 2938 3027; baseline -0 -16"><span class='ocrx_word' id='word_1_175' title='bbox 692 2962 941 3027; x_wconf 84' lang='lat' dir='ltr'>perpetui</span> <span class='ocrx_word' id='word_1_176' title='bbox 991 2964 1146 3027; x_wconf 81' lang='lat' dir='ltr'>regni</span> <span class='ocrx_word' id='word_1_177' title='bbox 1196 2964 1546 3014; x_wconf 84' lang='lat' dir='ltr'>immiserunt</span> <span class='ocrx_word' id='word_1_178' title='bbox 1602 2964 1739 3014; x_wconf 83' lang='lat' dir='ltr'>mihi</span> <span class='ocrx_word' id='word_1_179' title='bbox 1792 2970 1869 3015; x_wconf 85' lang='lat'>17.</span> <span class='ocrx_word' id='word_1_180' title='bbox 1916 2965 2210 3017; x_wconf 82' lang='lat' dir='ltr'>somnium.</span> <span class='ocrx_word' id='word_1_181' title='bbox 2267 2969 2340 3017; x_wconf 78' lang='lat'>18.</span> <span class='ocrx_word' id='word_1_182' title='bbox 2396 2963 2655 3020; x_wconf 79' lang='lat' dir='ltr'>Marduk,</span> <span class='ocrx_word' id='word_1_183' title='bbox 2703 2976 2938 3025; x_wconf 81' lang='lat' dir='ltr'>magnus</span> 
     </span>
     <span class='ocr_line' id='line_1_22' title="bbox 692 3036 2944 3105; baseline 0.001 -23"><span class='ocrx_word' id='word_1_184' title='bbox 692 3038 949 3087; x_wconf 78' lang='lat' dir='ltr'>dominus</span> <span class='ocrx_word' id='word_1_185' title='bbox 978 3045 1032 3087; x_wconf 83' lang='lat' dir='ltr'>et</span> <span class='ocrx_word' id='word_1_186' title='bbox 1059 3039 1155 3088; x_wconf 78' lang='lat' dir='ltr'>sin</span> <span class='ocrx_word' id='word_1_187' title='bbox 1184 3038 1529 3089; x_wconf 86' lang='lat' dir='ltr'>illuminator</span> <span class='ocrx_word' id='word_1_188' title='bbox 1561 3039 1678 3091; x_wconf 84' lang='lat' dir='ltr'>coeli</span> <span class='ocrx_word' id='word_1_189' title='bbox 1707 3047 1762 3089; x_wconf 86' lang='lat' dir='ltr'>et</span> <span class='ocrx_word' id='word_1_190' title='bbox 1785 3048 1965 3100; x_wconf 80' lang='lat' dir='ltr'>terrae,</span> <span class='ocrx_word' id='word_1_191' title='bbox 1992 3044 2064 3097; x_wconf 84' lang='grc'>19,</span> <span class='ocrx_word' id='word_1_192' title='bbox 2090 3046 2361 3091; x_wconf 79' lang='lat' dir='ltr'>steterunt</span> <span class='ocrx_word' id='word_1_193' title='bbox 2384 3040 2526 3105; x_wconf 81' lang='lat' dir='ltr'>apud</span> <span class='ocrx_word' id='word_1_194' title='bbox 2562 3054 2676 3100; x_wconf 90' lang='lat' dir='ltr'>me;</span> <span class='ocrx_word' id='word_1_195' title='bbox 2708 3036 2944 3087; x_wconf 83' lang='lat' dir='ltr'>Marduk</span> 
     </span>
     <span class='ocr_line' id='line_1_23' title="bbox 695 3112 2940 3181; baseline 0.002 -23"><span class='ocrx_word' id='word_1_196' title='bbox 695 3112 832 3161; x_wconf 81' lang='lat' dir='ltr'>dixit</span> <span class='ocrx_word' id='word_1_197' title='bbox 856 3113 921 3162; x_wconf 94' lang='lat' dir='ltr'>ad</span> <span class='ocrx_word' id='word_1_198' title='bbox 950 3128 1035 3161; x_wconf 91' lang='lat' dir='ltr'>me</span> <span class='ocrx_word' id='word_1_199' title='bbox 1059 3133 1070 3162; x_wconf 90' lang='lat'>:</span> <span class='ocrx_word' id='word_1_200' title='bbox 1100 3117 1178 3163; x_wconf 75' lang='lat'>⁸2⁰.</span> <span class='ocrx_word' id='word_1_201' title='bbox 1201 3114 1505 3174; x_wconf 77' lang='lat' dir='ltr'>Nabonide,</span> <span class='ocrx_word' id='word_1_202' title='bbox 1528 3129 1619 3163; x_wconf 85' lang='lat' dir='ltr'>rex</span> <span class='ocrx_word' id='word_1_203' title='bbox 1652 3113 1964 3178; x_wconf 79' lang='lat' dir='ltr'>Babylonis.</span> <span class='ocrx_word' id='word_1_204' title='bbox 1994 3129 2120 3164; x_wconf 86' lang='lat' dir='ltr'>cum</span> <span class='ocrx_word' id='word_1_205' title='bbox 2145 3118 2304 3181; x_wconf 87' lang='lat' dir='ltr'>equis</span> <span class='ocrx_word' id='word_1_206' title='bbox 2323 3129 2586 3166; x_wconf 88' lang='lat' dir='ltr'>curruum</span> <span class='ocrx_word' id='word_1_207' title='bbox 2611 3122 2830 3163; x_wconf 88' lang='lat' dir='ltr'>tuorum</span> <span class='ocrx_word' id='word_1_208' title='bbox 2860 3118 2940 3162; x_wconf 87' lang='grc'>21.</span> 
     </span>
     <span class='ocr_line' id='line_1_24' title="bbox 696 3185 2942 3254; baseline 0 -21"><span class='ocrx_word' id='word_1_209' title='bbox 696 3185 951 3234; x_wconf 80' lang='lat' dir='ltr'>subvecta</span> <span class='ocrx_word' id='word_1_210' title='bbox 991 3185 1220 3247; x_wconf 86' lang='lat' dir='ltr'>lateres,</span> <span class='ocrx_word' id='word_1_211' title='bbox 1264 3186 1478 3237; x_wconf 80' lang='lat' dir='ltr'>aedifica</span> <span class='ocrx_word' id='word_1_212' title='bbox 1526 3187 1799 3254; x_wconf 62' lang='lat' dir='ltr'>I-liul—hul</span> <span class='ocrx_word' id='word_1_213' title='bbox 1832 3196 1889 3238; x_wconf 88' lang='lat' dir='ltr'>et</span> <span class='ocrx_word' id='word_1_214' title='bbox 1926 3189 2012 3238; x_wconf 85' lang='lat' dir='ltr'>sac</span> <span class='ocrx_word' id='word_1_215' title='bbox 2054 3190 2181 3253; x_wconf 87' lang='lat' dir='ltr'>Sin,</span> <span class='ocrx_word' id='word_1_216' title='bbox 2217 3193 2293 3241; x_wconf 89' lang='grc'>22.</span> <span class='ocrx_word' id='word_1_217' title='bbox 2334 3203 2596 3252; x_wconf 80' lang='lat' dir='ltr'>magnum</span> <span class='ocrx_word' id='word_1_218' title='bbox 2636 3187 2942 3243; x_wconf 85' lang='lat' dir='ltr'>dominum,</span> 
     </span>
     <span class='ocr_line' id='line_1_25' title="bbox 700 3259 2940 3329; baseline 0.001 -22"><span class='ocrx_word' id='word_1_219' title='bbox 700 3259 777 3307; x_wconf 87' lang='lat' dir='ltr'>ibi</span> <span class='ocrx_word' id='word_1_220' title='bbox 832 3274 986 3309; x_wconf 87' lang='lat' dir='ltr'>suam</span> <span class='ocrx_word' id='word_1_221' title='bbox 1042 3262 1227 3312; x_wconf 89' lang='lat' dir='ltr'>sedem</span> <span class='ocrx_word' id='word_1_222' title='bbox 1280 3263 1591 3315; x_wconf 80' lang='lat' dir='ltr'>instituere.</span> <span class='ocrx_word' id='word_1_223' title='bbox 1643 3270 1721 3316; x_wconf 76' lang='grc'><strong>23.</strong></span> <span class='ocrx_word' id='word_1_224' title='bbox 1759 3265 2198 3317; x_wconf 77' lang='lat' dir='ltr'>Venerabundus</span> <span class='ocrx_word' id='word_1_225' title='bbox 2253 3264 2508 3329; x_wconf 75' lang='lat' dir='ltr'>respondi</span> <span class='ocrx_word' id='word_1_226' title='bbox 2562 3262 2786 3312; x_wconf 87' lang='lat' dir='ltr'>domino</span> <span class='ocrx_word' id='word_1_227' title='bbox 2837 3265 2940 3310; x_wconf 90' lang='lat' dir='ltr'>deo</span> 
     </span>
     <span class='ocr_line' id='line_1_26' title="bbox 701 3334 2943 3406; baseline 0.001 -23"><span class='ocrx_word' id='word_1_228' title='bbox 701 3334 935 3386; x_wconf 84' lang='lat' dir='ltr'>Marduk</span> <span class='ocrx_word' id='word_1_229' title='bbox 967 3350 978 3384; x_wconf 89' lang='lat'>:</span> <span class='ocrx_word' id='word_1_230' title='bbox 1022 3339 1098 3386; x_wconf 72' lang='lat'>24.</span> <span class='ocrx_word' id='word_1_231' title='bbox 1134 3337 1247 3387; x_wconf 88' lang='lat' dir='ltr'>Hoc</span> <span class='ocrx_word' id='word_1_232' title='bbox 1284 3339 1567 3403; x_wconf 85' lang='lat' dir='ltr'>templum,</span> <span class='ocrx_word' id='word_1_233' title='bbox 1610 3341 1753 3404; x_wconf 91' lang='lat' dir='ltr'>quod</span> <span class='ocrx_word' id='word_1_234' title='bbox 1786 3349 1843 3391; x_wconf 90' lang='lat' dir='ltr'>tu</span> <span class='ocrx_word' id='word_1_235' title='bbox 1885 3342 2208 3393; x_wconf 86' lang='lat' dir='ltr'>struendum</span> <span class='ocrx_word' id='word_1_236' title='bbox 2232 3341 2475 3406; x_wconf 65' lang='lat' dir='ltr'>jussisti,</span> <span class='ocrx_word' id='word_1_237' title='bbox 2515 3340 2592 3390; x_wconf 73' lang='lat'>25.</span> <span class='ocrx_word' id='word_1_238' title='bbox 2629 3338 2943 3388; x_wconf 79' lang='lat' dir='ltr'>Sabmanda</span> 
     </span>
     <span class='ocr_line' id='line_1_27' title="bbox 700 3409 2940 3480; baseline 0 -23"><span class='ocrx_word' id='word_1_239' title='bbox 700 3409 1066 3460; x_wconf 86' lang='lat' dir='ltr'>circumdedit</span> <span class='ocrx_word' id='word_1_240' title='bbox 1100 3417 1153 3459; x_wconf 87' lang='lat' dir='ltr'>et</span> <span class='ocrx_word' id='word_1_241' title='bbox 1186 3411 1440 3462; x_wconf 85' lang='lat' dir='ltr'>dilatavit</span> <span class='ocrx_word' id='word_1_242' title='bbox 1480 3429 1635 3464; x_wconf 84' lang='lat' dir='ltr'>suam</span> <span class='ocrx_word' id='word_1_243' title='bbox 1681 3423 2026 3480; x_wconf 87' lang='lat' dir='ltr'>potestatem.</span> <span class='ocrx_word' id='word_1_244' title='bbox 2075 3421 2152 3468; x_wconf 83' lang='grc'><strong>26.</strong></span> <span class='ocrx_word' id='word_1_245' title='bbox 2198 3415 2432 3466; x_wconf 78' lang='lat' dir='ltr'>Marduk</span> <span class='ocrx_word' id='word_1_246' title='bbox 2469 3420 2653 3463; x_wconf 85' lang='lat' dir='ltr'>autem</span> <span class='ocrx_word' id='word_1_247' title='bbox 2697 3411 2834 3460; x_wconf 84' lang='lat' dir='ltr'>dixit</span> <span class='ocrx_word' id='word_1_248' title='bbox 2871 3411 2940 3459; x_wconf 87' lang='lat' dir='ltr'>ad</span> 
     </span>
     <span class='ocr_line' id='line_1_28' title="bbox 700 3485 2938 3556; baseline 0.001 -25"><span class='ocrx_word' id='word_1_249' title='bbox 700 3498 788 3532; x_wconf 87' lang='lat' dir='ltr'>me</span> <span class='ocrx_word' id='word_1_250' title='bbox 828 3501 841 3532; x_wconf 73' lang='grc' dir='ltr'><strong>ι</strong></span> <span class='ocrx_word' id='word_1_251' title='bbox 878 3485 1190 3535; x_wconf 86' lang='lat' dir='ltr'>Sabmanda</span> <span class='ocrx_word' id='word_1_252' title='bbox 1233 3501 1395 3551; x_wconf 88' lang='lat' dir='ltr'>quem</span> <span class='ocrx_word' id='word_1_253' title='bbox 1442 3498 1500 3540; x_wconf 90' lang='lat' dir='ltr'>tu</span> <span class='ocrx_word' id='word_1_254' title='bbox 1538 3505 1829 3546; x_wconf 85' lang='lat' dir='ltr'>memoras.</span> <span class='ocrx_word' id='word_1_255' title='bbox 1868 3493 1947 3543; x_wconf 75' lang='lat'>27.</span> <span class='ocrx_word' id='word_1_256' title='bbox 1991 3493 2128 3556; x_wconf 81' lang='lat' dir='ltr'>ipse,</span> <span class='ocrx_word' id='word_1_257' title='bbox 2167 3507 2268 3541; x_wconf 84' lang='lat' dir='ltr'>sua</span> <span class='ocrx_word' id='word_1_258' title='bbox 2307 3498 2473 3548; x_wconf 80' lang='lat' dir='ltr'>terra,</span> <span class='ocrx_word' id='word_1_259' title='bbox 2517 3488 2599 3539; x_wconf 87' lang='lat' dir='ltr'>sui</span> <span class='ocrx_word' id='word_1_260' title='bbox 2637 3501 2813 3551; x_wconf 75' lang='lat' dir='ltr'>reges,</span> <span class='ocrx_word' id='word_1_261' title='bbox 2853 3486 2938 3536; x_wconf 88' lang='lat' dir='ltr'>sui</span> 
     </span>
     <span class='ocr_line' id='line_1_29' title="bbox 698 3557 2942 3627; baseline 0.003 -21"><span class='ocrx_word' id='word_1_262' title='bbox 698 3557 981 3622; x_wconf 80' lang='lat' dir='ltr'>adjutores</span> <span class='ocrx_word' id='word_1_263' title='bbox 1014 3560 1132 3624; x_wconf 87' lang='lat' dir='ltr'>jam</span> <span class='ocrx_word' id='word_1_264' title='bbox 1164 3562 1403 3626; x_wconf 79' lang='lat' dir='ltr'>amplius</span> <span class='ocrx_word' id='word_1_265' title='bbox 1441 3580 1546 3614; x_wconf 87' lang='lat' dir='ltr'>non</span> <span class='ocrx_word' id='word_1_266' title='bbox 1580 3574 1727 3619; x_wconf 85' lang='lat' dir='ltr'>sunt.</span> <span class='ocrx_word' id='word_1_267' title='bbox 1778 3572 1855 3617; x_wconf 88' lang='grc'>28.</span> <span class='ocrx_word' id='word_1_268' title='bbox 1897 3567 1956 3617; x_wconf 94' lang='lat' dir='ltr'>ln</span> <span class='ocrx_word' id='word_1_269' title='bbox 1988 3567 2149 3616; x_wconf 86' lang='lat' dir='ltr'>tertio</span> <span class='ocrx_word' id='word_1_270' title='bbox 2178 3579 2323 3615; x_wconf 87' lang='lat' dir='ltr'>anno</span> <span class='ocrx_word' id='word_1_271' title='bbox 2351 3565 2532 3626; x_wconf 77' lang='lat' dir='ltr'>ipsum</span> <span class='ocrx_word' id='word_1_272' title='bbox 2564 3564 2619 3612; x_wconf 86' lang='lat' dir='ltr'>in</span> <span class='ocrx_word' id='word_1_273' title='bbox 2646 3577 2829 3627; x_wconf 86' lang='lat' dir='ltr'>pugna</span> <span class='ocrx_word' id='word_1_274' title='bbox 2859 3567 2942 3613; x_wconf 86' lang='grc'><strong>29.</strong></span> 
     </span>
     <span class='ocr_line' id='line_1_30' title="bbox 696 3634 2941 3707; baseline 0.001 -23"><span class='ocrx_word' id='word_1_275' title='bbox 696 3634 897 3700; x_wconf 88' lang='lat' dir='ltr'>obruit,</span> <span class='ocrx_word' id='word_1_276' title='bbox 930 3645 984 3685; x_wconf 86' lang='lat' dir='ltr'>et</span> <span class='ocrx_word' id='word_1_277' title='bbox 1016 3637 1203 3700; x_wconf 72' lang='lat' dir='ltr'>CyruS,</span> <span class='ocrx_word' id='word_1_278' title='bbox 1247 3654 1338 3688; x_wconf 84' lang='lat' dir='ltr'>rex</span> <span class='ocrx_word' id='word_1_279' title='bbox 1380 3641 1587 3702; x_wconf 75' lang='lat' dir='ltr'>Ansan,</span> <span class='ocrx_word' id='word_1_280' title='bbox 1619 3642 1791 3707; x_wconf 71' lang='lat' dir='ltr'>ipsius</span> <span class='ocrx_word' id='word_1_281' title='bbox 1839 3642 2071 3692; x_wconf 87' lang='lat' dir='ltr'>humilia</span> <span class='ocrx_word' id='word_1_282' title='bbox 2104 3656 2311 3698; x_wconf 78' lang='lat' dir='ltr'>servus,</span> <span class='ocrx_word' id='word_1_283' title='bbox 2341 3645 2419 3691; x_wconf 79' lang='lat'>30.</span> <span class='ocrx_word' id='word_1_284' title='bbox 2463 3655 2589 3690; x_wconf 85' lang='lat' dir='ltr'>cum</span> <span class='ocrx_word' id='word_1_285' title='bbox 2635 3655 2732 3689; x_wconf 85' lang='lat' dir='ltr'>auo</span> <span class='ocrx_word' id='word_1_286' title='bbox 2778 3653 2941 3703; x_wconf 78' lang='lat' dir='ltr'>parvo</span> 
     </span>
     <span class='ocr_line' id='line_1_31' title="bbox 694 3711 2940 3779; baseline 0.001 -19"><span class='ocrx_word' id='word_1_287' title='bbox 694 3711 933 3760; x_wconf 84' lang='lat' dir='ltr'>exercitu</span> <span class='ocrx_word' id='word_1_288' title='bbox 959 3711 1303 3763; x_wconf 82' lang='lat' dir='ltr'>invadentem</span> <span class='ocrx_word' id='word_1_289' title='bbox 1336 3716 1648 3765; x_wconf 86' lang='lat' dir='ltr'>Sabmanda</span> <span class='ocrx_word' id='word_1_290' title='bbox 1673 3721 1728 3767; x_wconf 85' lang='grc'><strong>31</strong></span> <span class='ocrx_word' id='word_1_291' title='bbox 1762 3717 1959 3776; x_wconf 86' lang='lat' dir='ltr'>diruit,</span> <span class='ocrx_word' id='word_1_292' title='bbox 1985 3720 2062 3767; x_wconf 87' lang='grc'><strong>32.</strong></span> <span class='ocrx_word' id='word_1_293' title='bbox 2088 3718 2380 3779; x_wconf 72' lang='lat' dir='ltr'>Astyagen,</span> <span class='ocrx_word' id='word_1_294' title='bbox 2416 3729 2600 3778; x_wconf 78' lang='lat' dir='ltr'>regem</span> <span class='ocrx_word' id='word_1_295' title='bbox 2630 3712 2940 3764; x_wconf 75' lang='lat' dir='ltr'>Sabmanda</span> 
     </span>
     <span class='ocr_line' id='line_1_32' title="bbox 692 3785 2420 3856; baseline 0.002 -24"><span class='ocrx_word' id='word_1_296' title='bbox 692 3785 854 3847; x_wconf 83' lang='lat' dir='ltr'>cepit,</span> <span class='ocrx_word' id='word_1_297' title='bbox 890 3790 941 3835; x_wconf 87' lang='lat' dir='ltr'>et</span> <span class='ocrx_word' id='word_1_298' title='bbox 972 3794 1190 3851; x_wconf 86' lang='lat' dir='ltr'>captum</span> <span class='ocrx_word' id='word_1_299' title='bbox 1228 3788 1281 3837; x_wconf 90' lang='lat' dir='ltr'>in</span> <span class='ocrx_word' id='word_1_300' title='bbox 1313 3804 1467 3839; x_wconf 84' lang='lat' dir='ltr'>suam</span> <span class='ocrx_word' id='word_1_301' title='bbox 1492 3797 1694 3840; x_wconf 87' lang='lat' dir='ltr'>terram</span> <span class='ocrx_word' id='word_1_302' title='bbox 1725 3794 1803 3842; x_wconf 76' lang='lat'>83.</span> <span class='ocrx_word' id='word_1_303' title='bbox 1840 3791 2093 3856; x_wconf 84' lang='lat' dir='ltr'>perduxit</span> <span class='ocrx_word' id='word_1_304' title='bbox 2119 3789 2359 3850; x_wconf 81' lang='lat' dir='ltr'>illum....</span> <span class='ocrx_word' id='word_1_305' title='bbox 2391 3806 2420 3837; x_wconf 90' lang='lat'>»</span> 
     </span>
    </p>

    <p class='ocr_par' dir='ltr' id='par_1_4' title="bbox 684 3860 2936 4306">
     <span class='ocr_line' id='line_1_33' title="bbox 755 3860 2935 3931; baseline 0.003 -24"><span class='ocrx_word' id='word_1_306' title='bbox 755 3860 1030 3909; x_wconf 82' lang='lat' dir='ltr'>Praeterea</span> <span class='ocrx_word' id='word_1_307' title='bbox 1068 3872 1258 3912; x_wconf 82' lang='lat' dir='ltr'>narrat</span> <span class='ocrx_word' id='word_1_308' title='bbox 1300 3863 1587 3930; x_wconf 78' lang='lat' dir='ltr'>inscriptio</span> <span class='ocrx_word' id='word_1_309' title='bbox 1627 3866 1852 3916; x_wconf 88' lang='lat' dir='ltr'>modum</span> <span class='ocrx_word' id='word_1_310' title='bbox 1902 3881 2009 3931; x_wconf 89' lang='lat' dir='ltr'>quo</span> <span class='ocrx_word' id='word_1_311' title='bbox 2047 3865 2287 3930; x_wconf 86' lang='lat' dir='ltr'>incoepta</span> <span class='ocrx_word' id='word_1_312' title='bbox 2322 3871 2406 3914; x_wconf 78' lang='lat' dir='ltr'>est</span> <span class='ocrx_word' id='word_1_313' title='bbox 2438 3869 2658 3928; x_wconf 84' lang='lat' dir='ltr'>sperata</span> <span class='ocrx_word' id='word_1_314' title='bbox 2687 3863 2935 3922; x_wconf 86' lang='lat' dir='ltr'>resecti0,</span> 
     </span>
     <span class='ocr_line' id='line_1_34' title="bbox 689 3932 2934 4004; baseline 0.003 -23"><span class='ocrx_word' id='word_1_315' title='bbox 689 3932 1119 3998; x_wconf 83' lang='lat' dir='ltr'>mandatumque</span> <span class='ocrx_word' id='word_1_316' title='bbox 1155 3937 1424 3988; x_wconf 86' lang='lat' dir='ltr'>militibus</span> <span class='ocrx_word' id='word_1_317' title='bbox 1456 3940 1510 3989; x_wconf 88' lang='lat' dir='ltr'>in</span> <span class='ocrx_word' id='word_1_318' title='bbox 1556 3940 1717 3998; x_wconf 82' lang='lat' dir='ltr'>Gaza,</span> <span class='ocrx_word' id='word_1_319' title='bbox 1748 3941 1901 3990; x_wconf 87' lang='lat' dir='ltr'>circa</span> <span class='ocrx_word' id='word_1_320' title='bbox 1931 3943 2066 3989; x_wconf 80' lang='lat' dir='ltr'>tinea</span> <span class='ocrx_word' id='word_1_321' title='bbox 2096 3938 2342 4004; x_wconf 79' lang='lat' dir='ltr'>AEgypti,</span> <span class='ocrx_word' id='word_1_322' title='bbox 2384 3938 2670 3998; x_wconf 88' lang='lat' dir='ltr'>traditum,</span> <span class='ocrx_word' id='word_1_323' title='bbox 2714 3947 2771 3987; x_wconf 89' lang='lat' dir='ltr'>ut</span> <span class='ocrx_word' id='word_1_324' title='bbox 2805 3938 2934 3988; x_wconf 85' lang='lat' dir='ltr'>huic</span> 
     </span>
     <span class='ocr_line' id='line_1_35' title="bbox 688 4006 2933 4077; baseline 0.003 -22"><span class='ocrx_word' id='word_1_325' title='bbox 688 4006 839 4071; x_wconf 87' lang='lat' dir='ltr'>operi</span> <span class='ocrx_word' id='word_1_326' title='bbox 869 4008 1163 4060; x_wconf 85' lang='lat' dir='ltr'>socientur.</span> <span class='ocrx_word' id='word_1_327' title='bbox 1189 4010 1424 4062; x_wconf 82' lang='lat' dir='ltr'>Videtur</span> <span class='ocrx_word' id='word_1_328' title='bbox 1452 4022 1634 4063; x_wconf 88' lang='lat' dir='ltr'>autem</span> <span class='ocrx_word' id='word_1_329' title='bbox 1665 4013 1991 4063; x_wconf 86' lang='lat' dir='ltr'>Nabonidus</span> <span class='ocrx_word' id='word_1_330' title='bbox 2022 4014 2316 4063; x_wconf 81' lang='lat' dir='ltr'>exercitum</span> <span class='ocrx_word' id='word_1_331' title='bbox 2348 4028 2508 4063; x_wconf 89' lang='lat' dir='ltr'>suum</span> <span class='ocrx_word' id='word_1_332' title='bbox 2548 4026 2657 4077; x_wconf 77' lang='lat' dir='ltr'>prae</span> <span class='ocrx_word' id='word_1_333' title='bbox 2695 4013 2933 4063; x_wconf 82' lang='lat' dir='ltr'>hostium</span> 
     </span>
     <span class='ocr_line' id='line_1_36' title="bbox 690 4082 2936 4153; baseline 0.003 -22"><span class='ocrx_word' id='word_1_334' title='bbox 690 4083 885 4131; x_wconf 81' lang='lat' dir='ltr'>timore</span> <span class='ocrx_word' id='word_1_335' title='bbox 920 4082 1216 4146; x_wconf 84' lang='lat' dir='ltr'>reducere;</span> <span class='ocrx_word' id='word_1_336' title='bbox 1253 4088 1362 4136; x_wconf 87' lang='lat' dir='ltr'>ruit</span> <span class='ocrx_word' id='word_1_337' title='bbox 1390 4088 1535 4138; x_wconf 84' lang='lat' dir='ltr'>enim</span> <span class='ocrx_word' id='word_1_338' title='bbox 1570 4090 1891 4153; x_wconf 79' lang='lat' dir='ltr'>Babylonia.</span> <span class='ocrx_word' id='word_1_339' title='bbox 1938 4105 2039 4141; x_wconf 88' lang='lat' dir='ltr'>nec</span> <span class='ocrx_word' id='word_1_340' title='bbox 2085 4095 2260 4153; x_wconf 85' lang='lat' dir='ltr'>potest</span> <span class='ocrx_word' id='word_1_341' title='bbox 2293 4089 2519 4153; x_wconf 85' lang='lat' dir='ltr'>ignavus</span> <span class='ocrx_word' id='word_1_342' title='bbox 2551 4104 2643 4138; x_wconf 84' lang='lat' dir='ltr'>rex</span> <span class='ocrx_word' id='word_1_343' title='bbox 2681 4089 2803 4151; x_wconf 74' lang='lat' dir='ltr'>Cyri</span> <span class='ocrx_word' id='word_1_344' title='bbox 2835 4089 2936 4138; x_wconf 89' lang='lat' dir='ltr'>im-</span> 
     </span>
     <span class='ocr_line' id='line_1_37' title="bbox 690 4155 2934 4228; baseline 0.004 -24"><span class='ocrx_word' id='word_1_345' title='bbox 690 4163 872 4222; x_wconf 84' lang='lat' dir='ltr'>petum</span> <span class='ocrx_word' id='word_1_346' title='bbox 905 4155 1175 4222; x_wconf 78' lang='lat' dir='ltr'>frangere.</span> <span class='ocrx_word' id='word_1_347' title='bbox 1234 4161 1312 4210; x_wconf 87' lang='lat' dir='ltr'>Cs.</span> <span class='ocrx_word' id='word_1_348' title='bbox 1360 4163 1666 4220; x_wconf 56' lang='lat' dir='ltr'>Scamnum.</span> <span class='ocrx_word' id='word_1_349' title='bbox 1713 4163 2240 4228; x_wconf 72' lang='lat' dir='ltr'>Keilinschrislliclee</span> <span class='ocrx_word' id='word_1_350' title='bbox 2287 4162 2605 4222; x_wconf 69' lang='lat' dir='ltr'>Bibliotliek,</span> <span class='ocrx_word' id='word_1_351' title='bbox 2635 4164 2787 4213; x_wconf 85' lang='lat' dir='ltr'>Band</span> <span class='ocrx_word' id='word_1_352' title='bbox 2839 4163 2934 4222; x_wconf 87' lang='lat'>111,</span> 
     </span>
     <span class='ocr_line' id='line_1_38' title="bbox 684 4230 2935 4306; baseline 0.003 -22"><span class='ocrx_word' id='word_1_353' title='bbox 684 4237 713 4284; x_wconf 81' lang='lat'>2</span> <span class='ocrx_word' id='word_1_354' title='bbox 750 4230 953 4292; x_wconf 76' lang='lat' dir='ltr'>Hiilt&#39;te,</span> <span class='ocrx_word' id='word_1_355' title='bbox 984 4249 1035 4299; x_wconf 89' lang='lat' dir='ltr'>p.</span> <span class='ocrx_word' id='word_1_356' title='bbox 1066 4238 1125 4286; x_wconf 81' lang='lat'>97</span> <span class='ocrx_word' id='word_1_357' title='bbox 1156 4252 1273 4302; x_wconf 83' lang='lat' dir='ltr'>sqq.</span> <span class='ocrx_word' id='word_1_358' title='bbox 1301 4265 1363 4277; x_wconf 96' lang='lat'>—-</span> <span class='ocrx_word' id='word_1_359' title='bbox 1401 4239 1460 4288; x_wconf 85' lang='grc' dir='ltr'>Ε.</span> <span class='ocrx_word' id='word_1_360' title='bbox 1494 4240 1560 4290; x_wconf 87' lang='grc' dir='ltr'>Α.</span> <span class='ocrx_word' id='word_1_361' title='bbox 1596 4240 1798 4303; x_wconf 69' lang='lat' dir='ltr'>Bonos,</span> <span class='ocrx_word' id='word_1_362' title='bbox 1832 4241 2182 4306; x_wconf 76' lang='lat' dir='ltr'>Babylonian</span> <span class='ocrx_word' id='word_1_363' title='bbox 2211 4238 2328 4302; x_wconf 76' lang='lat' dir='ltr'>Life</span> <span class='ocrx_word' id='word_1_364' title='bbox 2365 4239 2484 4292; x_wconf 81' lang='lat' dir='ltr'>and</span> <span class='ocrx_word' id='word_1_365' title='bbox 2514 4238 2753 4303; x_wconf 70' lang='lat' dir='ltr'>llistory,</span> <span class='ocrx_word' id='word_1_366' title='bbox 2790 4255 2841 4305; x_wconf 87' lang='lat' dir='ltr'>p.</span> <span class='ocrx_word' id='word_1_367' title='bbox 2872 4243 2935 4290; x_wconf 82' lang='grc'>75</span> 
     </span>
    </p>
   </div>
   <div class='ocr_carea' id='block_1_4' title="bbox 684 4325 2928 4481">
    <p class='ocr_par' dir='ltr' id='par_1_5' title="bbox 684 4325 2928 4481">
     <span class='ocr_line' id='line_1_39' title="bbox 684 4325 2919 4382; baseline 0.012 -26"><span class='ocrx_word' id='word_1_368' title='bbox 684 4325 803 4375; x_wconf 83' lang='lat' dir='ltr'>sqq.</span> <span class='ocrx_word' id='word_1_369' title='bbox 2915 4373 2919 4382; x_wconf 92' lang='lat'>.</span> 
     </span>
     <span class='ocr_line' id='line_1_40' title="bbox 746 4387 2928 4481; baseline 0.001 -18"><span class='ocrx_word' id='word_1_370' title='bbox 746 4413 826 4474; x_wconf 88' lang='grc'><strong>(2)</strong></span> <span class='ocrx_word' id='word_1_371' title='bbox 858 4413 1001 4464; x_wconf 82' lang='lat' dir='ltr'>Urbs</span> <span class='ocrx_word' id='word_1_372' title='bbox 1038 4415 1228 4468; x_wconf 76' lang='lat' dir='ltr'>Rectum</span> <span class='ocrx_word' id='word_1_373' title='bbox 1260 4428 1356 4464; x_wconf 89' lang='lat' dir='ltr'>seu</span> <span class='ocrx_word' id='word_1_374' title='bbox 1382 4414 1559 4468; x_wconf 80' lang='lat' dir='ltr'>Ruluv</span> <span class='ocrx_word' id='word_1_375' title='bbox 1599 4415 1801 4480; x_wconf 80' lang='lat' dir='ltr'>legitur</span> <span class='ocrx_word' id='word_1_376' title='bbox 1830 4417 1885 4467; x_wconf 87' lang='lat' dir='ltr'>in</span> <span class='ocrx_word' id='word_1_377' title='bbox 1915 4417 2116 4467; x_wconf 83' lang='lat' dir='ltr'>tabulis</span> <span class='ocrx_word' id='word_1_378' title='bbox 2145 4417 2323 4481; x_wconf 84' lang='lat' dir='ltr'>Egibi.</span> <span class='ocrx_word' id='word_1_379' title='bbox 2355 4417 2499 4476; x_wconf 89' lang='lat' dir='ltr'>Quia</span> <span class='ocrx_word' id='word_1_380' title='bbox 2542 4414 2708 4465; x_wconf 83' lang='lat' dir='ltr'>simul</span> <span class='ocrx_word' id='word_1_381' title='bbox 2741 4387 2928 4479; x_wconf 74' lang='lat' dir='ltr'>agitur</span> 
     </span>
    </p>
   </div>
   <div class='ocr_carea' id='block_1_5' title="bbox 681 4486 2930 4618">
    <p class='ocr_par' dir='ltr' id='par_1_6' title="bbox 681 4486 2930 4618">
     <span class='ocr_line' id='line_1_41' title="bbox 683 4486 2930 4559; baseline 0.002 -24"><span class='ocrx_word' id='word_1_382' title='bbox 683 4486 749 4535; x_wconf 88' lang='lat' dir='ltr'>de</span> <span class='ocrx_word' id='word_1_383' title='bbox 780 4488 912 4538; x_wconf 83' lang='lat' dir='ltr'>urbe</span> <span class='ocrx_word' id='word_1_384' title='bbox 955 4489 1191 4552; x_wconf 75' lang='lat' dir='ltr'>Pikuclu,</span> <span class='ocrx_word' id='word_1_385' title='bbox 1219 4503 1339 4552; x_wconf 85' lang='lat' dir='ltr'>quae</span> <span class='ocrx_word' id='word_1_386' title='bbox 1369 4490 1436 4539; x_wconf 76' lang='lat' dir='ltr'>ael</span> <span class='ocrx_word' id='word_1_387' title='bbox 1468 4491 1761 4555; x_wconf 75' lang='lat' dir='ltr'>Babylonis</span> <span class='ocrx_word' id='word_1_388' title='bbox 1791 4494 2080 4544; x_wconf 88' lang='lat' dir='ltr'>meridiem</span> <span class='ocrx_word' id='word_1_389' title='bbox 2112 4494 2221 4544; x_wconf 83' lang='lat' dir='ltr'>sita</span> <span class='ocrx_word' id='word_1_390' title='bbox 2242 4503 2378 4557; x_wconf 86' lang='lat' dir='ltr'>erat,</span> <span class='ocrx_word' id='word_1_391' title='bbox 2415 4494 2542 4559; x_wconf 86' lang='lat' dir='ltr'>jure</span> <span class='ocrx_word' id='word_1_392' title='bbox 2575 4491 2930 4542; x_wconf 87' lang='lat' dir='ltr'>concluditur</span> 
     </span>
     <span class='ocr_line' id='line_1_42' title="bbox 681 4559 1814 4618; baseline 0.007 -8"><span class='ocrx_word' id='word_1_393' title='bbox 681 4559 817 4612; x_wconf 83' lang='lat' dir='ltr'>duas</span> <span class='ocrx_word' id='word_1_394' title='bbox 848 4563 1008 4614; x_wconf 85' lang='lat' dir='ltr'>urbes</span> <span class='ocrx_word' id='word_1_395' title='bbox 1038 4565 1188 4614; x_wconf 86' lang='lat' dir='ltr'>circa</span> <span class='ocrx_word' id='word_1_396' title='bbox 1216 4564 1407 4615; x_wconf 89' lang='lat' dir='ltr'>eadem</span> <span class='ocrx_word' id='word_1_397' title='bbox 1434 4566 1552 4616; x_wconf 86' lang='lat' dir='ltr'>loca</span> <span class='ocrx_word' id='word_1_398' title='bbox 1581 4567 1814 4618; x_wconf 85' lang='lat' dir='ltr'>stetisse.</span> 
     </span>
    </p>
   </div>
   <div class='ocr_carea' id='block_1_6' title="bbox 742 4647 2606 4734">
    <p class='ocr_par' dir='ltr' id='par_1_7' title="bbox 742 4647 2606 4734">
     <span class='ocr_line' id='line_1_43' title="bbox 742 4647 2606 4734; baseline 0.006 -22"><span class='ocrx_word' id='word_1_399' title='bbox 742 4663 815 4726; x_wconf 83' lang='grc'>(3)</span> <span class='ocrx_word' id='word_1_400' title='bbox 848 4664 951 4722; x_wconf 87' lang='lat' dir='ltr'>Qui</span> <span class='ocrx_word' id='word_1_401' title='bbox 983 4665 1188 4730; x_wconf 85' lang='lat' dir='ltr'>legitur</span> <span class='ocrx_word' id='word_1_402' title='bbox 1218 4667 1452 4734; x_wconf 75' lang='grc' dir='ltr'>Γωὸρύης</span> <span class='ocrx_word' id='word_1_403' title='bbox 1487 4668 1632 4732; x_wconf 87' lang='lat' dir='ltr'>apud</span> <span class='ocrx_word' id='word_1_404' title='bbox 1660 4668 1922 4719; x_wconf 73' lang='lat' dir='ltr'>Herodot.</span> <span class='ocrx_word' id='word_1_405' title='bbox 1947 4667 2165 4731; x_wconf 67' lang='lat' dir='ltr'>Hister„</span> <span class='ocrx_word' id='word_1_406' title='bbox 2192 4670 2286 4720; x_wconf 87' lang='lat' dir='ltr'>lib.</span> <span class='ocrx_word' id='word_1_407' title='bbox 2315 4668 2406 4732; x_wconf 88' lang='lat'>111,</span> <span class='ocrx_word' id='word_1_408' title='bbox 2433 4671 2463 4733; x_wconf 66' lang='grc' dir='ltr'>ἓ</span> <span class='ocrx_word' id='word_1_409' title='bbox 2486 4675 2565 4723; x_wconf 87' lang='grc'>70.</span> <span class='ocrx_word' id='word_1_410' title='bbox 2599 4647 2606 4652; x_wconf 86' lang='lat'><strong>.</strong></span> 
     </span>
    </p>
   </div>
  </div>
 </body>
</html>
