3719 5650
1667 733 1749 743 —
1861 698 2197 765 192—

805 879 1009 934 mere
1037 858 1446 930 humanum
1490 855 1929 950 scriptorem
1955 855 2477 950 judicaremuS,
2513 876 2817 950 prorsus
2852 856 3053 931 veri-

806 980 944 1054 tati
981 979 1342 1052 absonum
1401 986 1591 1049 esset
1635 997 1809 1050 eum
1858 976 2035 1048 hinc
2070 975 2149 1049 et
2181 974 2378 1049 illinc
2420 975 2708 1050 duobus
2753 980 3055 1051 contra-

807 1095 1135 1171 dictoriis
1172 1093 1475 1168 assertis
1524 1094 1951 1167 adhaesisse.

902 1216 1378 1309 Requirenda
1445 1216 1558 1288 est
1629 1235 1812 1310 ergo
1899 1214 2045 1288 alia
2119 1214 2631 1307 interpretatio
2715 1215 3049 1311 ejusdem

807 1344 1052 1410 textus
1080 1356 1099 1408 ε
1127 1335 1184 1423 α)
1227 1333 1591 1408 Assentiri
1625 1355 1774 1407 non
1815 1334 2184 1428 repugnat
2234 1333 2409 1407 huic
2459 1333 3048 1430 hieronymianae

746 1454 751 1455 ⁷
807 1454 1276 1549 explicationi
1346 1476 1365 1526 ε
1447 1453 1510 1528 si
1602 1454 1804 1527 Deus
1893 1452 2574 1527 Nabuchodonosor
2657 1454 3052 1528 thesauros

808 1573 1111 1669 AEgypti
1161 1573 1420 1647 tribuit
1465 1577 1551 1646 ut
1611 1571 1749 1645 hoc
1794 1572 1986 1645 dono
2031 1571 2323 1645 labores
2373 1573 2548 1647 ante
2611 1572 3050 1647 Phoenicum

809 1693 1124 1766 insulam
1200 1691 1552 1765 toleratos
1618 1695 2086 1781 remuneret,
2160 1692 2348 1766 ratio
2433 1691 2700 1765 exinde
2778 1692 3050 1785 petitur

804 1813 997 1907 quod
1027 1811 1258 1908 Tyrii,
1308 1810 1701 1884 destructis
1730 1810 2127 1901 moenibuS,
2165 1809 2242 1884 in
2278 1832 2510 1885 naves
2549 1812 3053 1885 conscenden-

803 1934 917 2006 tes
974 1931 1082 2004 ita
1131 1930 1489 2026 fugerunt
1539 1931 1625 2004 ut
1668 1930 1967 2004 divitias
2028 1952 2201 2005 suas
2256 1932 2399 2007 alio
2463 1935 2756 2026 portare
2809 1933 3048 2006 hosti-

803 2054 1092 2146 busque
1150 2052 1570 2125 mercedem
1625 2071 1719 2123 ex
1777 2050 2213 2145 longissima
2257 2051 2631 2125 obsidione
2677 2058 3048 2155 speratam

803 2172 1129 2245 adimere
1194 2170 1567 2244 valuerint
1622 2172 1747 2263 (l).
1802 2212 1896 2223 -—
1971 2171 2035 2263 β)
2100 2170 2265 2245 Alia
2319 2169 2542 2243 etiam
2610 2170 2878 2263 praesto
2943 2182 3050 2244 est

805 2291 1225 2386 explanatio
1281 2314 1298 2363 :
1354 2290 1592 2383 potuit
1639 2289 1816 2362 urbs
1878 2289 2196 2383 seipsam
2245 2290 2438 2363 ultro
2488 2290 2756 2364 dedere
2814 2295 2888 2363 et
2942 2291 3047 2364 di-

806 2411 1156 2506 reptionis
1198 2409 1740 2483 immanitatem
1790 2408 2072 2499 vitare;
2139 2414 2318 2482 tunc
2361 2407 2643 2483 obsidio
2692 2413 2767 2483 et
2806 2430 3046 2504 expu-

801 2529 1056 2625 gnatio
1113 2549 1261 2601 uno
1324 2532 1584 2602 tenore
1643 2528 1972 2602 laborem
2027 2528 2707 2605 Nabuchodonosor
2768 2530 3050 2604 consti-

804 2651 1136 2739 tuerunt,
1185 2647 1496 2742 AEgypti
1547 2651 1796 2721 autem
1850 2646 2234 2743 occupatio
2287 2650 2706 2722 mercedem
2750 2650 2882 2742 (2).
2951 2688 3052 2703 --

804 2768 870 2858 γ)
925 2769 1039 2839 Ne
1092 2767 1255 2861 quis
1307 2772 1556 2840 tamen
1596 2768 1848 2841 credat
1899 2766 2325 2860 hujusmodi
2372 2768 2847 2859 deditionem,
2881 2791 3049 2865 quae

801 2888 1022 2960 rebus
1037 2891 1112 2960 et
1137 2886 1465 2979 personis
1483 2887 1956 2980 aliquatenus
1973 2887 2627 2982 pepercisset,cum
2645 2890 3049 2965 Ezechielis

802 3006 1012 3079 textu
1068 3007 1162 3098 (3)
1214 3026 1362 3078 non
1417 3026 1854 3099 congruere.
1902 3009 2266 3101 Propheta
2314 3009 2512 3083 enim
2548 3009 2746 3082 ultra
2788 3010 3051 3084 Nabu-

801 3128 1258 3201 chodonosor
1319 3125 1735 3216 victoriam,
1791 3130 2333 3220 supernaturali
2405 3128 2682 3202 intuitu
2748 3128 3048 3201 ruinam

801 3246 1346 3341 contemplatur
1389 3246 1572 3318 tunc
1609 3245 2040 3339 incoeptam,
2077 3249 2444 3343 posterius
2481 3269 2692 3339 vem,
2722 3246 3046 3341 peractis

802 3367 1309 3440 Cruciatorum
1372 3365 1609 3456 bellis,
1667 3388 1712 3439 a
1763 3368 2312 3443 Mahumetanis
2374 3367 2878 3465 peragendam
2920 3367 3042 3462 (4).

867 3575 927 3636 (Ι)
963 3575 1507 3626 «Nabuchodonosor
1536 3591 1660 3626 cum
1698 3586 2038 3641 oppugnaret
2067 3579 2291 3643 Tyrum,
2316 3588 2369 3630 et
2397 3581 2619 3640 arietes,
2650 3584 2945 3644 machinas,
2975 3585 3051 3633 vi·

808 3664 1064 3712 neasque.
1084 3664 1147 3698 eo
1167 3649 1312 3714 quod
1336 3650 1518 3700 cincta
1544 3660 1686 3700 esset
1706 3653 1868 3715 mari,
1891 3653 2065 3703 muris
2095 3670 2200 3703 non
2227 3661 2407 3720 posset
2434 3656 3045 3722 adjungere.infinitam

802 3725 1069 3773 exercitus
1109 3724 1517 3775 multitudinem
1559 3727 1731 3791 jussit
1778 3743 1906 3777 saxa
1934 3736 1989 3777 et
2037 3743 2268 3791 aggeres
2308 3743 2682 3794 comportare,
2735 3741 2792 3783 et
2832 3734 3046 3800 expleto

802 3797 981 3846 medio
1011 3799 1169 3852 mari.
1201 3798 1311 3847 imo
1340 3798 1479 3850 freto
1511 3803 1927 3866 angustissimo,
1965 3804 2206 3853 vicinum
2250 3805 2408 3855 littus
2443 3807 2645 3857 insulae
2693 3807 2828 3858 secit
2878 3810 3049 3859 conti-

802 3885 998 3930 nuum3
1037 3870 1179 3934 quod
1225 3887 1349 3921 cum
1396 3874 1644 3925 viderent
1670 3876 1817 3940 Tyrii
1844 3878 1962 3940 jam
2000 3876 2220 3942 jamque
2253 3878 2573 3944 perfectum,
2604 3887 2661 3931 et
2692 3883 3048 3946 percussione

797 3945 1031 3993 arietum
1056 3961 1335 3996 murorum
1372 3949 1728 4001 fundamenta
1752 3959 2130 4015 quaterentur,
2163 3953 2429 4017 quidquid
2463 3956 2763 4019 pretiosum
2790 3957 2846 4005 in
2884 3971 3049 4015 auro,

798 4026 1043 4081 argento,
1081 4020 1424 4085 vestibusque
1459 4031 1513 4072 et
1566 4027 1718 4075 varia
1764 4025 2099 4090 supellectili
2148 4027 2409 4078 nobilitas
2458 4030 2690 4089 habuit,
2724 4030 3043 4094 impositum

802 4093 1047 4156 navibus,
1078 4093 1145 4142 ad
1178 4093 1389 4146 insulas
1416 4101 1719 4161 asportavit
1758 4121 1769 4149 ε
1821 4103 1899 4149 ita
1940 4109 2000 4150 ut
2025 4108 2186 4165 capta
2224 4102 2384 4165 urbe,
2420 4102 2559 4153 nihil
2585 4105 2816 4169 dignum
2856 4105 3041 4155 labore

803 4181 900 4216 suo
936 4167 1205 4217 inveniret
1224 4167 1748 4222 Nabuchodonosor.
1783 4192 1806 4219 ι
1832 4175 1886 4225 S.
1916 4175 2142 4232 Hieron,
2185 4177 2246 4227 in
2268 4177 2321 4228 h.
2352 4178 2387 4227 ι.

865 4255 941 4318 (2)
978 4255 1225 4318 Movnas,
1260 4254 1354 4306 Die
1378 4255 1708 4321 Plioenizier,
1739 4259 1804 4310 11.
1840 4277 1890 4325 p.
1923 4266 2030 4318 431,
2059 4266 2168 4312 450.

866 4343 943 4405 (3)
992 4342 1251 4406 Kosmas,
1305 4342 1538 4396 Histoire
1584 4345 1821 4411 critique
1878 4347 1967 4398 des
2016 4347 2202 4399 Livi-es
2265 4348 2331 4400 de
2392 4350 2642 4403 l'Ancien
2704 4353 3043 4414 Testament.

807 4426 933 4469 tom.
969 4421 1037 4479 11,
1071 4437 1123 4485 p.
1155 4425 1263 4472 625.

865 4512 933 4571 (4)
966 4529 989 4558 «
1030 4511 1092 4559 Je
1126 4527 1192 4560 ne
1233 4525 1396 4576 pense
1429 4525 1524 4576 pas
1553 4512 1858 4575 qu'aucune
1907 4514 2116 4576 grande
2165 4514 2293 4564 ville
2336 4523 2500 4578 ayant
2522 4517 2650 4581 joue
2681 4519 2923 4583 pendant
2951 4520 3051 4569 des

802 4583 996 4634 siecles
1040 4601 1111 4635 un
1159 4587 1273 4636 role
1326 4588 1391 4636 de
1440 4590 1680 4652 premier
1709 4589 1870 4638 ordre
1916 4590 1995 4638 ait
2044 4590 2205 4641 laisse
2240 4593 2418 4641 moins
2458 4591 2523 4642 de
2575 4601 2753 4644 traces
2783 4610 2888 4659 que
2921 4594 3048 4658 Tyr.
