3719 5650
1611 690 2144 757 -100-

754 837 1083 940 strophis
1121 844 1416 919 constat
1454 839 1874 945 prophetia,
1920 866 2090 944 quae
2127 840 2234 920 sic
2270 841 2733 944 exponendae
2766 844 2996 917 sunt:

866 956 937 1032 l,
998 958 1308 1037 Initium
1371 959 1603 1037 sumit
1652 960 2021 1063 propheta
2087 974 2134 1038 a
2205 959 2543 1064 generali
2603 957 2998 1063 principio,

757 1100 906 1177 quo
960 1079 1324 1157 statuitur
1366 1080 1741 1158 Jehovam
1811 1104 1978 1156 esse
2037 1080 2282 1158 Deum
2345 1078 2867 1156 aemulatorem
2932 1081 3008 1153 et

758 1193 1242 1275 ulciscentem
1297 1199 1451 1300 qui,
1498 1197 1638 1276 etsi
1678 1198 1970 1300 patiens
2015 1198 2144 1294 sit,
2203 1198 2569 1301 injuriam
2617 1221 3004 1299 nunquam

758 1312 1074 1392 dimittit
1127 1314 1476 1395 inultam,
1535 1316 1696 1395 Nec
1758 1315 1895 1411 illi,
1955 1318 2172 1419 cujus
2222 1323 2338 1395 est
2393 1320 2724 1420 potestas
2780 1340 3006 1418 super

759 1436 1050 1509 montes
1087 1438 1163 1511 et
1198 1459 1440 1530 mare,
1487 1434 1845 1537 iniquitas
1887 1438 2191 1514 obstare
2226 1434 2457 1514 valet,
2504 1433 2600 1538 (I,
2649 1434 2826 1537 1-6,)

864 1549 943 1626 2.
1005 1549 1170 1628 Hoc
1223 1551 1677 1655 principium
1736 1553 1909 1632 urbi
1971 1553 2251 1633 Ninive
2299 1552 2747 1657 applicatur.
2792 1553 3002 1630 Deus

600 1732 603 1735 .
757 1666 1134 1770 refugium
1218 1671 1305 1747 fit
1371 1672 1845 1773 sperantibus
1927 1672 2006 1750 in
2073 1698 2292 1768 eum3
2366 1673 2499 1750 sed
2565 1671 2643 1748 in
2718 1669 3005 1749 diluvio

759 1790 1273 1886 praetereunte
1354 1787 1686 1868 vastabit
1768 1790 2189 1871 civitatem,
2261 1791 2532 1871 Nonne
2624 1792 2785 1895 ipse
2886 1793 3006 1867 est

757 1905 806 1980 J
813 1904 1137 2003 ehovah,
1203 1912 1470 1985 contra
1530 1933 1754 2010 quem
1813 1910 2150 1989 hostium
2185 1911 2448 2015 copiae,
2507 1908 2707 1987 sicut
2763 1907 3005 2011 spinae

760 2025 1202 2128 complexae,
1238 2029 1331 2105 ab
1371 2028 1547 2130 igne
1575 2031 1837 2108 urbem
1876 2031 2077 2108 tueri
2110 2055 2265 2109 non
2285 2027 2706 2107 valebunt?
2734 2027 3005 2106 Nonne

759 2150 836 2220 et
925 2144 1088 2246 ipse
1171 2145 1676 2225 Sennacherib
1770 2146 2223 2253 (consulens
2296 2147 2618 2250 Belial)
2703 2148 3008 2251 propter

765 2266 1473 2366 praevaricationem
1492 2293 1666 2346 cum
1683 2269 1842 2347 acie
1865 2295 2002 2347 sua
2021 2270 2119 2348 ad
2135 2267 2452 2347 nihilum
2477 2269 2829 2347 redactus
2848 2267 3004 2343 est?

763 2382 1005 2461 Unica
1034 2385 1163 2462 sed
1195 2384 1464 2463 ultima
1500 2386 1805 2465 afflictio
1837 2387 1981 2465 erit
2019 2387 2405 2466 Ninivitis,
2437 2386 2464 2491 ζ
2477 2389 2535 2482 Ι,
2574 2385 2794 2490 7-12.)

868 2503 947 2581 3.
1022 2503 1109 2581 In
1155 2504 1383 2582 tertia
1432 2506 1743 2609 stropha
1789 2506 2126 2584 vicissim
2179 2506 2589 2609 alloquitur
2638 2503 3009 2606 propheta

763 2622 809 2697 J
818 2620 1043 2700 udam
1082 2627 1159 2700 et
1196 2622 1555 2720 Niniven3
1604 2625 1735 2703 uni
1777 2625 2077 2727 quidem
2114 2626 2586 2730 promittitur
2622 2622 3000 2716 liberatio,

760 2738 978 2817 alteri
1009 2766 1187 2819 vero
1208 2742 1630 2846 principum
1659 2752 1736 2822 et
1767 2748 2078 2823 deorum
2111 2771 2423 2825 suorum
2443 2741 3000 2823 exterminatio,

764 2859 845 2938 Si
898 2862 1103 2942 enim
1156 2864 1402 2941 nuntii
1458 2866 1666 2969 pacis
1720 2866 1943 2944 Judae
2010 2869 2465 2946 annuntiant
2521 2868 2761 2960 bona,
2834 2888 3004 2942 ecce

757 2983 1184 3060 ascendunt
1247 2983 1503 3062 hostes
1563 2985 1688 3088 qui
1734 2987 2100 3082 Niniven,
2168 2989 2310 3065 etsi
2365 2985 2764 3082 munitam,
2820 2985 3001 3062 des-

756 3105 1044 3180 truent,
1090 3101 1185 3206 (1,
1236 3122 1339 3182 13,
1384 3106 1484 3200 II,
1531 3109 1636 3210 2.)

864 3226 948 3298 4.
1021 3220 1266 3325 Cujus
1297 3223 1507 3301 urbis
1545 3223 1826 3303 obsidio
1870 3229 1947 3302 et
1992 3224 2218 3302 ruina
2265 3223 2518 3303 vivide
2558 3221 3002 3302 describun-

760 3342 917 3417 tur.
966 3337 1484 3421 Circumstant
1520 3343 1753 3439 Medi,
1809 3369 2130 3446 quorum
2168 3343 2481 3447 clypeus
2535 3340 2999 3435 rubefactus,

757 3459 996 3536 vestis
1037 3461 1409 3557 coccinea,
1457 3487 1728 3540 currus
1776 3463 2077 3566 igneus,
2114 3465 2363 3541 Assur
2401 3463 2704 3565 quidem
2752 3485 3008 3538 recor-

760 3577 1062 3654 dabitur
1097 3577 1409 3658 fortium
1446 3606 1807 3677 suorum3
1854 3583 1983 3659 sed
2022 3587 2396 3660 corruunt
2443 3582 2867 3660 incedentes
2913 3580 3006 3656 ad

767 3698 1046 3775 moenia
1069 3702 1145 3774 et
1169 3699 1266 3776 ad
1303 3699 1810 3778 defensionem
1850 3702 2059 3778 urbis
2089 3707 2607 3805 properantes,
2641 3701 2813 3779 Non
2841 3701 3008 3802 jam

759 3816 1082 3918 amplius
1134 3822 1433 3921 tempus
1494 3824 1633 3898 est,
1695 3824 1957 3899 Portae
1995 3822 2408 3901 fluviorum
2448 3826 2730 3924 apertae
2794 3829 3002 3912 sunt,

761 3935 1133 4037 palatium
1197 3944 1749 4017 commovetur,
1830 3941 2138 4019 Huzzab
2187 3938 2286 4046 (²)
2352 3941 2429 4018 in
2486 3940 3011 4042 captivitatem

762 4055 1092 4153 ducitur,
1135 4059 1451 4159 ejusque
1487 4057 1813 4155 ancillae,
1869 4085 2082 4137 more
2131 4059 2651 4138 columbarum
2696 4083 3011 4162 gemen-

758 4178 904 4271 tes,
948 4179 1215 4279 pectus
1264 4201 1487 4254 suum
1536 4179 1866 4256 caedunt,
1924 4178 2154 4282 Fugit
2200 4178 2704 4257 habitantium
2753 4176 3011 4254 multi-

760 4296 975 4390 tudo,
1034 4321 1174 4375 nec
1226 4295 1427 4374 ullus
1465 4302 1586 4375 est
1633 4297 1791 4401 qui,
1839 4297 2400 4376 clamitantibus
2455 4296 2943 4375 bellatoribus
2985 4322 3005 4373 z

765 4415 1005 4510 State,
1052 4421 1278 4512 state,
1325 4421 1530 4494 retro
1579 4420 2045 4495 revertatur,
2094 4415 2225 4521 (ΙΙ,
2275 4417 2437 4522 3-8.)

749 4624 755 4630 ,
871 4536 948 4612 5.
990 4535 1320 4611 Vastata
1357 4541 1476 4612 est
1513 4535 1784 4612 civitas
1833 4559 1850 4612 t
1903 4564 1940 4606 ‹<
1989 4536 2305 4637 Diripite
2355 4541 2793 4635 argentum,
2838 4532 3026 4611 diri-'
