3719 5650
1346 1344 2166 1437 PROOEMJUM

715 2112 949 2204 Apud
984 2137 1246 2189 omnes
1284 2127 1577 2210 yentes,
1618 2125 1853 2197 etiam
1894 2100 2264 2201 minimas
2300 2139 2437 2203 aut
2476 2136 2868 2227 antiquis-

616 2249 899 2334 simaS,
967 2255 1315 2329 historici
1379 2261 1559 2332 libri
1626 2264 2130 2339 inveniuntur
2195 2292 2220 2340 .·
2288 2274 2582 2344 summi
2658 2276 2864 2346 enim

618 2390 983 2460 momenti
1008 2412 1197 2463 cura
1230 2394 1512 2486 ubique
1552 2405 1881 2490 apparet
1903 2405 2496 2492 praeteritarum
2536 2414 2860 2481 oetatum

580 2524 1108 2623 ‘memoriam,
1177 2534 1341 2600 tum
1409 2532 1512 2602 ad
1568 2532 1839 2605 laudes
1887 2542 2276 2623 majorum
2331 2542 2857 2632 extollendos,

614 2660 778 2727 tum
837 2660 939 2730 ad
992 2664 1316 2750 futuras
1389 2667 1647 2739 clades
1707 2674 2300 2760 praecavendas,
2370 2679 2853 2751 asservandi.

614 2791 1037 2881 Praeterea,
1090 2819 1240 2870 non
1292 2801 1554 2874 minus
1598 2804 1895 2897 insiyni
1940 2809 2198 2881 studio
2254 2812 2544 2902 flayrat
2601 2813 2852 2897 homo,

613 2930 700 2996 ut
748 2945 925 3018 quoe
974 2935 1322 3023 spatium
1368 2944 1504 3009 aut
1554 2945 1858 3031 tempus
1912 2943 2258 3035 obteqere
2314 2947 2589 3032 solent,
2641 2970 2859 3040 prce-

612 3064 963 3137 sensione
1035 3072 1373 3158 quadam
1452 3077 1900 3167 perspicere
1972 3079 2252 3154 valeat.
2337 3083 2648 3156 Eccinde
2722 3107 2857 3156 ars

611 3198 1117 3288 divinator-ia,
1191 3227 1330 3278 seu
1399 3223 1674 3299 μαντική,
1756 3214 2040 3305 ubique
2103 3221 2491 3290 terrarum
2559 3222 2848 3309 floruit.

609 3331 792 3404 ‚Iam
836 3307 1037 3419 vero,
1083 3340 1269 3429 quia
1307 3343 1563 3414 Biblia
1614 3366 1811 3436 opus
1855 3370 2021 3419 esse
2061 3350 2437 3439 divinum,
2483 3353 2574 3424 ab
2613 3356 2852 3425 Izomi-

610 3467 833 3539 nibus
882 3476 953 3540 et
1009 3473 1348 3547 humano
1389 3498 1602 3549 more
1656 3488 2096 3567 exaratum,
2149 3485 2429 3576 cuique
2481 3488 2851 3560 catholico

612 3600 773 3673 viro
821 3613 1147 3697 constat,
1181 3630 1333 3698 non
1378 3612 1690 3684 mireris
1737 3618 1944 3705 quod
1990 3617 2070 3686 in
2113 3617 2214 3688 iis
2256 3619 2641 3710 duplicem
2680 3644 2851 3694 eam

610 3742 939 3810 mentem
991 3743 1339 3833 reperias
1388 3767 1567 3835 quoe
1616 3747 1888 3818 statim
1943 3747 2192 3820 relata
2240 3755 2380 3835 est,
2429 3751 2591 3822 sive
2647 3755 2853 3843 quod

608 3871 711 3941 ad
737 3877 1130 3962 proeteriti
1170 3880 1541 3970 temporis
1587 3882 1973 3968 notitiam,
2019 3884 2182 3955 sive
2218 3887 2423 3974 quod
2452 3888 2556 3958 acl
2588 3890 2852 3978 futuri

602 4011 1287 4100 proecoqnitionem
1338 4021 1663 4105 spectat.

712 4147 1069 4239 Amplior
1116 4168 1305 4220 sane
1356 4156 1471 4221 est
1522 4156 1855 4242 utraque
1902 4154 2222 4239 hujusce
2273 4155 2621 4228 scientioe
2660 4179 2845 4247 pro-

608 4284 860 4355 vincia
918 4304 1155 4374 quam
1207 4290 1295 4354 ut
1352 4306 1522 4357 eam
1571 4286 1813 4359 simul
1854 4288 2350 4379 perlustrare
2375 4291 2781 4381 possimus
2806 4315 2842 4377 ,·

608 4438 911 4490 necesse
959 4439 1140 4510 erqo
1195 4417 1634 4510 habuimus,
1696 4422 1779 4492 in
1846 4424 1986 4494 lzoc
2039 4424 2480 4497 studiorum
2532 4431 2842 4497 nostro-

608 4580 787 4632 rum
848 4559 1322 4643 documento,
1368 4556 1671 4636 ,limites
1722 4557 1834 4628 ita
1891 4557 2518 4631 circumscribere
2568 4565 2656 4632 ut
2704 4579 2841 4632 nec

2527 4696 2556 4739 2
