3719 5650
1625 751 2170 818 —156-

872 894 1114 970 LXII.
1185 938 1276 951 —-
1354 892 1436 997 3)
1487 892 1743 970 Tertio
1793 894 2097 972 tandem
2147 893 2491 996 urgendo
2532 893 3003 973 advertimus

760 1010 1052 1089 cultum
1105 1010 1281 1116 Cyri
1323 1011 1401 1088 in
1454 1011 1630 1090 deos
1680 1038 1775 1090 ex
1822 1011 2447 1115 inscriptionibus
2498 1015 2785 1113 patere,
2832 1039 3001 1114 quae

762 1155 935 1208 eum
1021 1129 1635 1235 babylonicorum
1685 1131 2176 1234 templorum
2256 1130 2781 1208 restitutorem
2860 1134 2999 1210 de-

753 1253 1211 1328 monstrant.
1256 1295 1360 1308 —
1403 1251 1592 1336 Quae
1661 1250 1961 1351 quidem
2011 1250 2243 1352 hujus
2292 1252 2659 1352 temporis
2708 1256 2998 1330 mentes

753 1394 799 1444 a
827 1367 1163 1471 pristinis
1191 1368 1506 1446 theoriis
1536 1373 2112 1447 revocaverunt.
2152 1371 2355 1446 Dum
2395 1369 2598 1446 enim
2622 1370 2998 1455 ninivitici

747 1492 824 1565 et
909 1486 1322 1592 babylonici
1408 1512 1627 1591 reges
1721 1488 2113 1590 hucusque
2195 1487 2582 1565 victarum
2649 1488 2993 1590 gentium

739 1607 1184 1685 evertissent
1239 1608 1558 1710 templa,
1629 1608 1975 1711 idolaque
2032 1607 2425 1701 tulissent,
2478 1651 2583 1666 —
2643 1616 2729 1685 ut
2790 1607 2992 1685 inira

736 1725 1061 1828 amplius
1110 1727 1678 1823 mamorabitur,
1727 1773 1827 1786 —
1870 1752 2044 1805 ecce
2103 1727 2388 1829 Cyrus,
2439 1727 2569 1835 qui
2624 1732 2850 1806 antea
2899 1737 2987 1805 ut

737 1844 1270 1938 monotheista,
1336 1846 1716 1924 studiosus
1773 1846 2370 1925 Ahura-Mazdae
2431 1845 2709 1942 cultor,
2759 1848 2980 1926 habi·

738 1977 858 2041 tus
895 1962 1168 2058 fuerat,
1213 1964 1435 2042 deum
1471 1964 1829 2059 Marduk,
1875 1964 2002 2067 qui
2040 1961 2498 2068 babylonicis
2542 1963 2981 2042 numinibus

732 2085 1097 2182 praeerat,
1148 2081 1527 2177 adoravit,
1588 2082 2023 2184 templaque
2089 2080 2551 2158 instauravit
2607 2107 2820 2183 quae,
2887 2108 2982 2160 ex

729 2199 1109 2277 Nabonidi
1169 2199 1470 2301 ignavia
1544 2204 1681 2276 aut
1753 2200 2174 2303 impietate,
2248 2198 2521 2276 statuis
2598 2200 2972 2277 destituta

728 2318 1056 2397 fuerant.
1120 2320 1336 2405 Quod
1404 2319 1581 2423 Cyri
1633 2319 1969 2396 studium
2024 2343 2210 2420 erga
2278 2318 2492 2411 deos,
2560 2318 2975 2420 benignum
3063 2337 3087 2359 ⁸

729 2438 896 2539 ejus
957 2434 1295 2513 animum
1355 2437 1433 2512 in
1481 2437 1787 2514 Judaeos
1838 2443 1916 2514 et
1970 2435 2720 2538 hierosolymitanum
2766 2441 2967 2514 tem·

728 2554 938 2656 plum
991 2554 1354 2656 explicat3
1409 2555 1649 2658 primo
1714 2560 1968 2632 tamen
2033 2558 2344 2657 aspectu
2401 2579 2573 2631 cum
2627 2555 2746 2631 his
2802 2580 2976 2658 pro-

724 2673 1125 2775 phetarum
1168 2674 1783 2776 inscriptionibus
1832 2699 2173 2777 pugnare
2223 2674 2530 2752 videtur
2573 2699 2590 2750 ε
2637 2703 2673 2747 «
2711 2674 2969 2753 Onera

721 2794 977 2869 vestra
1032 2792 1253 2893 gravi
1311 2793 1634 2895 pondere
1674 2817 1916 2896 usque
1968 2795 2062 2870 al
2120 2792 2647 2871 lassitudinem
2689 2796 2966 2871 conta-

721 2912 1050 2986 buerunt
1102 2915 1177 2987 et
1227 2911 1552 2988 contrita
1600 2916 1782 2989 sunt
1834 2911 2097 3006 simul;
2158 2935 2308 2988 non
2358 2916 2764 3013 potuerunt
2814 2913 2961 2990 sal-

718 3053 901 3105 vare
976 3034 1439 3131 portantem,
1510 3034 1584 3107 et
1655 3030 1912 3108 anim-2
1975 3056 2242 3109 eorum
2298 3029 2375 3106 in
2435 3030 2965 3133 captivitatem

722 3149 859 3227 ibit
901 3146 1152 3254 (1)
1198 3149 1512 3245 Cecidit,
1558 3150 1828 3228 cecidit
1873 3150 2240 3255 Babylon,
2294 3154 2370 3228 et
2413 3149 2663 3227 omnia
2714 3150 2969 3254 sculp-

716 3267 883 3344 tilia
941 3269 1257 3346 deorum
1311 3271 1474 3371 ejus
1537 3269 1863 3346 contrita
1906 3273 2091 3345 sunt
2151 3269 2227 3343 in
2277 3273 2562 3346 terram
2593 3265 2741 3374 (2).
2787 3299 2824 3343 2>
2862 3314 2966 3327 —

726 3419 763 3462 <
811 3390 1055 3494 Capta
1126 3396 1241 3468 est
1300 3391 1673 3497 Babylon,
1746 3389 2108 3468 confusus
2172 3394 2287 3467 est
2339 3390 2519 3484 Bel,
2562 3390 2810 3468 victus
2856 3396 2972 3469 est

717 3508 1155 3604 Merodach,
1237 3509 1550 3586 confusa
1614 3512 1792 3586 sunt
1874 3507 2258 3611 sculptilia
2323 3510 2534 3610 ejus,
2606 3518 2970 3611 superata

714 3631 893 3704 sunt
939 3627 1137 3704 idola
1186 3652 1584 3706 eorum...
1659 3629 1853 3704 Ecce
1915 3627 2072 3705 dies
2136 3626 2488 3720 veniunt,
2530 3626 2639 3705 ait
2703 3628 2967 3705 Domi-

720 3770 900 3840 nus,
946 3750 1023 3823 et
1058 3745 1379 3824 visitabo
1419 3772 1648 3849 super
1679 3745 2068 3849 sculptilia
2105 3748 2271 3849 ejus
2305 3745 2452 3853 (3).
2499 3776 2536 3819 >

826 3975 1099 4053 LXIII.
1158 4020 1262 4032 —
1305 3977 1405 4053 Et
1454 4002 1725 4055 revera
1775 3977 1940 4055 haec
1989 3975 2660 4055 contradictionem
2711 3973 2965 4076 impli-

723 4098 1010 4189 carent,
1071 4094 1134 4171 si
1186 4098 1538 4172 veterum
1603 4100 2286 4174 commentatorum
2337 4091 2454 4200 (4)
2511 4094 2961 4172 sententiam

782 4300 852 4364 (Ι)
883 4300 972 4361 Is.,
993 4315 1141 4358 xnv1,
1171 4304 1214 4358 ¹,
1246 4305 1291 4355 2.

785 4390 853 4450 (2)
883 4388 969 4450 ls.,
998 4403 1107 4449 xxi,
1133 4392 1181 4438 9.

785 4476 864 4537 (ἰ)
896 4474 1040 4538 JER„
1069 4490 1115 4534 L,
1144 4479 1198 4533 ἃς
1236 4489 1300 4538 ιι,
1328 4478 1406 4525 52.

785 4562 848 4624 (4)
884 4561 1300 4621 Documentum,
1332 4559 1563 4625 exempli
1588 4561 1783 4626 gratia,
1805 4565 2029 4627 praestat
2047 4559 2486 4612 Commentarius
2515 4559 2571 4609 in
2595 4559 2688 4616 Is..
2711 4573 2819 4622 xm,
2842 4563 2886 4618 1,
2912 4565 2959 4616 2.

721 4641 811 4701 qui
857 4637 938 4687 sic
976 4651 1033 4686 se
1073 4635 1279 4687 habet:
1330 4654 1357 4685 «
1381 4634 1652 4700 Vulgatus
1698 4636 2050 4703 confractum
2084 4636 2225 4700 (Bel)
2264 4634 2402 4686 dixit
2447 4648 2543 4698 pro
2577 4635 2953 4688 incurvatum.
