3719 5650
1579 755 1924 823 -·190
2022 788 2126 802 —

723 901 1021 978 bellicas
1056 907 1586 1000 expeditioneS,
1631 911 1918 985 extollit
1948 911 2085 1004 (1).
2115 911 2309 985 Sane
2337 911 2533 1006 apud
2578 913 2623 987 J
2627 913 2981 1007 osephum

722 1020 1102 1097 invenitur
1157 1026 1265 1121 (2)
1334 1027 1858 1103 Philostratem
1924 1032 2000 1105 et
2053 1031 2555 1105 Menandrum
2632 1033 2723 1107 de
2803 1034 2978 1129 Tyri

722 1140 1125 1236 obsidione,
1168 1167 1299 1239 per
1341 1148 1697 1222 tredecim
1724 1171 1961 1223 annos
1989 1153 2356 1244 porrecta,
2397 1151 2680 1245 egisse;
2732 1151 2981 1225 nullus

721 1282 902 1335 vero
946 1284 1206 1337 eorum
1241 1266 1333 1339 de
1370 1268 1923 1363 expugnatione
1964 1288 2387 1343 sermonem
2426 1270 2626 1346 facit.

822 1382 922 1455 At
944 1404 1124 1458 vero
1162 1385 1348 1460 ratio
1390 1387 1690 1481 propter
1718 1409 1943 1481 quam
1974 1390 2342 1485 Josephus
2372 1390 2462 1461 de
2499 1389 2591 1463 iis
2619 1391 2971 1483 tacuerit,

726 1500 978 1576 forsan
1029 1525 1124 1578 ex
1177 1505 1494 1581 fontium
1560 1510 1721 1604 ejus
1774 1507 2068 1603 origine
2127 1508 2565 1604 explicatur.
2625 1510 2974 1584 Declarat

727 1641 807 1694 se
859 1623 1297 1699 Phoenicum
1344 1626 1711 1703 tabularia
1755 1627 2024 1702 adiisse
2071 1628 2196 1724 (3),
2245 1649 2457 1721 quae,
2514 1632 2599 1702 ut
2649 1629 2972 1717 videtur,

724 1740 948 1835 hujus
1001 1742 1244 1838 populi
1307 1746 1594 1820 cladem
1653 1744 2089 1821 obnubilare
2153 1748 2643 1836 studuerunt3
2707 1746 2972 1835 imm0,

726 1880 822 1934 ex
861 1859 1020 1954 ipso
1070 1862 1393 1956 silentio,
1449 1864 1658 1939 urbis
1695 1866 2154 1965 expugnatio
2197 1867 2437 1960 potius
2471 1864 2977 1940 concludenda

726 1979 843 2053 est
898 2001 916 2054 ε
968 1981 1032 2054 si
1089 1983 1289 2058 enim
1341 1986 2021 2060 Nabuchodonosor
2072 1986 2438 2061 obsidium
2488 1985 2853 2075 solvisset,
2899 1985 2975 2057 in

727 2103 1234 2177 monumentis
1280 2104 1434 2183 suis
1492 2104 1889 2179 Phoenices
1935 2105 2078 2179 hoc
2123 2104 2262 2180 sibi
2305 2103 2506 2178 laudi
2543 2102 2972 2178 vertissent.

728 2217 934 2292 Nihil
984 2220 1217 2316 igitur
1267 2225 1623 2299 adversus
1663 2223 1907 2299 Biblia
1942 2245 2037 2298 ex
2079 2227 2426 2298 veterum
2457 2222 2978 2297 historicorum

733 2335 1026 2413 silentio
1085 2341 1450 2417 deducere
1502 2342 1612 2417 fas
1663 2343 1804 2417 est.

828 2459 922 2548 B)
962 2458 1192 2532 Plura
1239 2481 1281 2534 e
1329 2461 1589 2535 contra
1632 2462 1906 2535 dantur
1948 2482 2128 2536 vero
2181 2459 2450 2534 similia
2502 2458 2974 2554 argumenta.

732 2580 806 2669 a)
852 2577 1033 2652 Haec
1086 2579 1505 2675 prophetia,
1560 2581 1910 2656 hebraico
1953 2579 2219 2656 canoni
2264 2580 2545 2654 inserta
2594 2600 2740 2672 quo
2785 2582 2983 2652 tem-

730 2718 905 2791 pore
960 2697 1270 2773 dubium
1323 2701 1416 2773 de
1472 2699 1742 2774 effectu
1800 2700 1960 2796 ejus
2017 2700 2327 2796 supponi
2389 2698 2680 2792 nequit,
2738 2698 2977 2771 tradi-

732 2813 1010 2890 tionem
1070 2840 1330 2892 eorum
1397 2819 1714 2895 testatur
1776 2842 2096 2914 quorum
2159 2818 2520 2895 intererat
2579 2816 2976 2891 veritatem

735 2955 1210 3029 cognoscere.
1250 2978 1349 2994 —
1379 2940 1445 3031 b)
1484 2942 1880 3034 Josephus,
1923 2962 2020 3014 ex
2055 2961 2280 3034 supra
2316 2939 2542 3013 citato
2583 2937 2976 3012 Menandri

735 3052 1195 3150 fragmentO,
1263 3077 1533 3152 regum
1594 3060 1771 3155 Tyri
1834 3062 2104 3133 seriem
2178 3079 2225 3133 a
2297 3057 2982 3132 Nabuchodonosor

731 3173 827 3246 ad
894 3177 1171 3270 Cyrum
1242 3178 1551 3250 evolvit.
1628 3181 1956 3273 Apparet
2026 3199 2113 3252 eo
2192 3177 2530 3270 tempore
2605 3175 2980 3250 destructa

729 3293 938 3388 regia
970 3297 1324 3389 potestas,
1354 3296 1434 3370 in
1469 3297 1584 3392 cuj
1597 3319 1682 3370 us
1715 3298 1957 3372 vicem
1985 3297 2467 3392 perturbatus
2504 3294 2978 3369 substituitur

788 3546 854 3611 (l)
887 3545 1264 3596 Cuneisormes
1294 3546 1683 3611 inscriptiones
1717 3546 1856 3597 nihil
1884 3551 2107 3597 narrant
2128 3545 2196 3596 de
2226 3542 2737 3594 Nabuchodonosor
2762 3540 2981 3606 expedi-

724 3620 967 3671 tionibus
996 3620 1258 3671 adversus
1289 3621 1492 3685 Tyrum
1521 3627 1577 3671 et
1599 3621 1872 3672 Judoeam.
1906 3650 1971 3660 —
1997 3622 2280 3683 Attamen,
2310 3626 2435 3669 ante
2468 3632 2672 3683 paucos
2703 3631 2896 3680 annos,
2919 3616 2978 3665 in

728 3695 1141 3759 septentrionali
1175 3697 1300 3761 ripa
1334 3696 1583 3747 fluminis
1620 3698 1776 3747 Nahr
1804 3696 2044 3756 el-Kelb‚
2071 3711 2239 3761 supra
2270 3695 2549 3758 Berytum,
2583 3692 2865 3742 inventum
2898 3699 2983 3741 est

726 3769 948 3833 aliquod
993 3771 1295 3821 notandum
1326 3771 1715 3822 documentum
1742 3784 1754 3824 :
1787 3771 2060 3837 scopulis,
2083 3771 2178 3835 qui
2208 3776 2450 3820 veterem
2472 3768 2614 3817 viam
2648 3781 2681 3817 a
2708 3767 2981 3816 Damasco

727 3842 797 3893 ad
844 3842 1002 3891 littus
1034 3842 1324 3894 ducentem
1359 3845 1561 3896 finiunt
1596 3851 1653 3896 et
1688 3846 1836 3895 inter
1874 3860 2109 3910 quorum
2154 3844 2392 3910 parietes
2427 3841 2724 3893 intermeat
2756 3840 2982 3899 flumen,

729 3915 1122 3982 insculpuntur
1156 3918 1380 3968 nomina
1417 3925 1473 3969 et
1509 3920 1721 3984 effigies
1753 3926 1999 3971 veterum
2026 3919 2173 3970 Asiae
2198 3919 2556 3975 domitorum,
2582 3922 2699 3966 tum
2725 3914 2985 3979 aegyptia·

731 4006 942 4053 eorum,
973 3997 1087 4039 tum
1117 3991 1537 4054 assyr-iecorum.
1574 3994 1722 4043 Inter
1754 3992 2074 4059 hujusmodi
2108 3996 2459 4043 monumenta
2487 3989 2605 4054 jam
2632 3988 2726 4038 diu
2762 3986 2984 4052 cognita

714 4079 892 4140 ‘nemo
919 4064 1304 4129 suspicabatur
1335 4065 1843 4119 Nabuchodonosor
1873 4067 2314 4133 inscriptionem,
2344 4064 2636 4114 arboribus
2660 4068 2715 4112 et
2742 4060 2984 4112 filicibus

728 4139 1019 4195 obtectam.
1051 4154 1173 4203 quse
1202 4140 1484 4190 recentius
1524 4141 1746 4191 fortuna
1787 4150 2006 4206 reperta
2045 4147 2147 4192 est.
2180 4140 2594 4204 Tempestatum
2621 4144 2676 4186 et
2710 4149 2982 4185 annorum

726 4215 780 4264 vi
808 4214 959 4276 trita,
994 4213 1134 4263 nihil
1160 4213 1226 4264 de
1263 4214 1426 4265 bellis
1459 4215 1719 4266 adversus
1752 4217 1968 4279 Syriam
2009 4222 2064 4266 et
2097 4215 2534 4278 Hierosolymam
2576 4211 2808 4275 reliquit
2836 4207 2982 4273 quod

727 4288 837 4353 legi
872 4293 1052 4354 posset
1076 4304 1088 4337 :
1121 4289 1398 4354 imprimis
1429 4290 1792 4354 dignoscitur.
1823 4291 2162 4341 Libanorum
2188 4290 2444 4340 vinorum
2463 4288 2664 4348 series,
2692 4286 2834 4335 inter
2861 4298 2983 4349 quse

728 4364 934 4415 eminet
970 4365 1158 4415 vinum
1202 4365 1435 4425 Helbon‚
1479 4367 1627 4417 circa
1673 4366 2003 4417 Damascum
2036 4367 2147 4433 (ΕΖ.
2179 4381 2329 4417 xxvu
2353 4403 2367 4426 ‚
2395 4365 2499 4427 18).
2546 4389 2604 4401 —
2661 4361 2739 4411 Cf.
2776 4361 2982 4422 Suos,

727 4438 895 4491 Frcsh
924 4439 1062 4503 light
1090 4439 1235 4503 from
1270 4439 1359 4492 the
1386 4442 1624 4492 Ancient
1650 4439 2017 4504 Monuments,
2050 4455 2104 4505 p.
2137 4445 2248 4491 140.

788 4529 855 4590 (2)
891 4528 1086 4593 Δηείς.
1114 4529 1269 4591 lud„
1293 4529 1359 4593 X,
1390 4533 1468 4580 11.
1500 4529 1530 4592 §
1560 4536 1616 4590 13
1647 4531 1705 4583 C.
1737 4528 1998 4596 Appion„
2030 4527 2074 4593 1,
2107 4532 2186 4580 21.

791 4613 861 4677 (3)
895 4616 1102 4668 Contra
1132 4617 1394 4684 Amnon..
1428 4617 1471 4674 1,
1505 4621 1583 4668 ιο.
