3719 5650
1644 626 2137 695 ...94-

872 782 1097 860 Hanc
1157 807 1339 862 vcro
1413 780 1742 887 quinque
1802 809 2073 887 regum
2137 785 2568 888 dynastiam
2605 785 2684 861 vi
2737 783 3017 862 evertit

766 900 974 978 Phul
1042 928 1174 980 seu
1242 902 1929 1008 Teglathphalasar
1987 901 2571 1010 11(745-727).
2632 903 2778 991 Qui
2844 905 3010 998 rex,

762 1025 925 1098 tam
985 1022 1062 1100 in
1104 1023 1588 1126 disponendis
1631 1026 1854 1102 rebus
1917 1024 2372 1128 conspicuus
2432 1048 2661 1128 quam
2735 1023 2814 1100 in
2873 1049 3008 1126 ge-

763 1141 1022 1218 rendis
1078 1141 1337 1237 fortis,
1408 1141 1744 1220 devictos
1796 1141 2112 1247 populos
2188 1142 2530 1245 relegare
2593 1142 3011 1237 inchoavit,

763 1259 1067 1362 suisque
1105 1260 1564 1339 exercitibus
1626 1262 1855 1340 duces
1901 1289 2037 1341 seu
2077 1262 2376 1340 Tartan
2416 1260 2778 1365 praefecit.
2826 1263 3016 1338 Post

630 1407 633 1410 ·
715 1448 719 1456 ,,
762 1386 921 1461 tres
981 1381 1389 1460 obsidionis
1428 1407 1667 1460 annos
1724 1384 2041 1486 Arphad
2085 1383 2499 1487 superavit,
2542 1382 2914 1459 tributum
2971 1406 3020 1457 a

764 1523 940 1602 rege
979 1499 1394 1579 Manahem
1431 1502 1751 1604 accepit,
1797 1508 1874 1579 et
1902 1502 2263 1581 hortante
2291 1501 2549 1578 Achaz
2579 1525 2759 1601 rege
2782 1501 2831 1576 J
2834 1500 3011 1594 uda,

765 1616 845 1693 in
903 1617 1142 1720 Syros
1222 1623 1298 1696 et
1354 1618 1587 1696 Israel
1651 1619 2001 1699 invectus
2098 1625 2256 1716 est,
2351 1618 2654 1696 Phacee
2715 1616 3019 1696 necavit

710 1792 717 1807 ,
767 1737 1079 1838 ejusque
1124 1739 1202 1816 in
1240 1738 1492 1817 locum
1556 1739 1746 1817 Osee
1800 1740 2221 1835 substituit,
2264 1739 3018 1843 plerosquesepten-

763 1854 1214 1935 trionalium
1264 1858 1489 1960 regni
1530 1858 1797 1935 finium
1853 1859 2141 1937 incolas
2196 1860 2651 1963 deportavit.⁴
2723 1857 3019 1936 Exinde

765 1973 1334 2075 septentrionali
1425 1975 1665 2078 Syriae
1749 1978 2156 2081 imperavit
2232 1984 2311 2057 et
2398 1978 2477 2056 in
2557 1976 3018 2057 Merodach-

768 2090 1134 2189 Baladan,
1169 2093 1696 2197 babylonicum
1725 2122 2017 2199 regem,
2063 2098 2485 2175 dominium
2523 2095 2894 2176 exercuit.

802 2270 807 2277 .
874 2212 1278 2315 Regnante
1315 2214 1468 2291 filio
1507 2220 1583 2291 et
1626 2241 2064 2294 successore
2102 2216 2293 2321 ejus,
2346 2216 2826 2295 Salmanasar
2870 2214 3011 2303 IV,

765 2357 906 2409 rex
974 2331 1211 2411 Israel
1271 2333 1507 2428 Osee,
1574 2335 1887 2439 aegyptii
1974 2334 2324 2413 Schabak
2358 2404 2364 2408 .
2404 2335 2685 2413 auxilio
2752 2334 3010 2426 nisuS,

768 2452 1172 2552 conjurare
1213 2456 1464 2530 tentat
1508 2452 1879 2531 adversus
1923 2454 2288 2551 Niniven3
2332 2480 2514 2533 mox
2550 2454 2627 2532 in
2665 2452 3012 2532 exsilium

769 2574 1035 2673 captus
1077 2572 1381 2649 ducitur
1419 2570 1567 2677 (l).
1607 2572 2059 2670 Samariam,
2106 2599 2239 2675 per
2286 2578 2446 2651 tres
2483 2598 2723 2651 annos
2764 2574 3015 2649 obses-

771 2680 963 2784 sam,
1038 2695 1357 2792 occupat
1421 2690 1753 2794 Sargon,
1820 2718 2045 2793 quem
2100 2692 2430 2769 militum
2495 2691 2762 2787 libid0,
2819 2715 3019 2767 anno

769 2809 972 2903 722,
1018 2807 1097 2885 in
1153 2808 1825 2912 Assyriae'solium
1873 2811 2156 2889 evehit.
2979 2820 2982 2821 ’

808 3101 815 3108 -
876 3048 1167 3124 XXXI.
1244 3094 1337 3105 -
1408 3050 1590 3127 Haec
1666 3074 1864 3127 nova
1939 3056 2015 3128 et
2092 3048 2381 3150 inclyta
2449 3045 3018 3149 Sargonitidum

764 3166 1120 3271 dynastia
1235 3168 1836 3271 praeclarissimis
1959 3167 2447 3271 Assyriorum
2547 3163 3014 3268 temporibus

764 3289 974 3393 viget
1029 3286 1145 3396 (2)
1196 3316 1214 3368 z
1260 3314 1350 3369 ea
1394 3315 1665 3393 nempe
1718 3294 1971 3385 aetate,
2022 3287 2438 3392 imperium
2490 3289 2657 3389 ejus
2705 3311 2751 3363 a
2801 3310 3013 3363 mare

767 3409 1048 3513 Caspio
1087 3410 1184 3485 ad
1237 3408 1634 3487 Persicum
1702 3409 1983 3504 sinum,
2051 3434 2095 3485 a
2141 3406 2448 3510 Tigride
2499 3407 2592 3483 ad
2652 3404 3009 3483 Mediter—

764 3552 1086 3607 raneum
1122 3554 1332 3608 mare
1394 3529 1852 3624 extenditur,
1912 3527 2551 3630 scientiarumque
2590 3528 2667 3603 et
2729 3523 3010 3602 artium

767 3649 1050 3743 studi0,
1095 3649 1567 3726 sacerdotum
1633 3647 2004 3750 collegiis,
2086 3646 2515 3725 scribarum
2594 3650 2674 3722 et
2751 3642 3010 3720 archi-

763 3773 1141 3846 tectorum
1179 3766 1383 3843 tama
1420 3765 1879 3844 illustratur.

874 3885 1214 3989 Sargone
1295 3885 1389 3962 ab
1483 3884 1740 3986 ignoto
1832 3884 2319 3962 interfectore
2403 3885 2709 3976 necat0,
2809 3904 3008 3957 anno

762 4004 961 4099 704,
1034 3999 1385 4106 regnavit
1455 4002 1654 4079 filius
1725 4006 1890 4106 ejus
1961 4002 2466 4080 Sennacherib
2533 4024 2759 4104 quem
2814 4023 3010 4102 pro-

821 4215 905 4278 (¹)
943 4213 1014 4264 1v
1044 4215 1143 4279 (11),
1180 4215 1338 4279 Rue,
1367 4229 1496 4277 xvu,
1540 4220 1586 4265 k.

821 4305 897 4368 (2)
930 4304 1005 4353 De
1033 4303 1192 4353 fastis
1222 4303 1452 4368 hujusce
1476 4302 1740 4366 dynastiae
1774 4301 2100 4364 fundatoris,
2136 4302 2207 4352 cf.
2236 4303 2286 4352 J.
2320 4303 2537 4351 Orrssa‘r
2572 4307 2628 4350 et
2658 4300 2707 4354 J.
2751 4300 3003 4361 Mizmm‘r,

761 4379 978 4430 Grande
1029 4380 1353 4441 Inscription
1408 4378 1470 4429 de
1529 4378 1861 4429 Khorsabad.
1917 4406 1978 4418 —
2034 4378 2085 4426 J.
2139 4380 2402 4436 Meum-r.
2451 4377 2689 4429 Annales
2742 4377 2831 4428 des
2884 4380 3007 4431 Rois

756 4453 1043 4578 d'AsisyrIe,
1083 4468 1138 4516 p.
1184 4457 1268 4503 155
1310 4468 1428 4518 sqq.
1459 4480 1520 4490 —
1551 4453 1857 4510 Semnum,
1891 4452 2391 4515 Keilinschristliche
2421 4452 2701 4514 Bibliotek,
2738 4451 2890 4501 Band
2934 4453 3004 4515 11,

760 4543 812 4591 p.
841 4534 866 4577 3
909 4566 920 4588 ,
951 4532 1034 4577 81.
