3719 5650
1553 758 2091 827 —193—

704 898 936 1008 Sane,
1022 916 1221 1012 post‘
1273 902 1743 1011 septuaginta
1810 916 2193 1013 regnantis
2267 920 2947 997 Nabuchodonosor

703 1022 967 1120 annos,
1007 1028 1194 1102 teste
1236 1029 1432 1101 Isaia
1473 1028 1603 1121 (1),
1635 1026 2059 1103 libertatem
2090 1030 2561 1125 recuperabit
2592 1034 2834 1128 Tyrus
2870 1036 2945 1105 et

691 1147 1015 1241 jubilare
1061 1147 1334 1242 poterit
1372 1169 1395 1220 ι
1435 1146 1709 1241 duplex
1757 1150 2039 1240 autem,
2091 1151 2254 1221 tum
2301 1148 2732 1242 EzechieliS,
2779 1151 2942 1224 tum

702 1267 938 1359 Isaiae,
989 1265 1373 1361 prophetia
1407 1264 1683 1340 sensim
1729 1265 1891 1339 sine
1928 1287 2150 1340 sensu
2190 1268 2663 1365 adimpletur.
2705 1272 2939 1344 Phoe-

695 1388 951 1461 nicum
1011 1387 1214 1462 enim
1266 1384 1473 1461 urbis
1533 1383 1974 1479 dominium,
2035 1386 2334 1462 nemine
2386 1388 2817 1480 reluctante,
2896 1409 2943 1463 a

697 1506 1056 1581 Chaldaeis
1117 1506 1567 1582 transfertur
1628 1507 1723 1581 ad
1786 1509 2084 1599 Persas,
2171 1530 2490 1603 quorum
2563 1509 2942 1586 fortunam

699 1627 966 1701 exinde
1010 1630 1365 1721 sequetur
1409 1648 1428 1700 ε
1471 1627 1754 1722 Tyrum
1803 1632 2189 1722 expugnat
2225 1629 2649 1723 Evagoras3
2704 1629 2939 1703 Alex-

697 1747 930 1823 ander
984 1745 1364 1821 machinas
1421 1747 1515 1821 ad
1572 1767 1827 1855 muros
1877 1746 2175 1839 isthm0,
2230 1750 2318 1822 ut
2371 1747 2722 1839 diximuS,
2779 1748 2943 1822 arte

698 1866 889 1941 facto
947 1866 1321 1957 admovet,
1367 1866 1780 1960 urbemque
1817 1868 1985 1962 post
2016 1872 2299 1961 septem
2340 1867 2710 1943 mensium
2748 1867 2940 1943 obsi-

697 1986 995 2084 dionem
1050 1984 1282 2081 capit,
1344 1989 1508 2060 octo
1555 1985 1951 2082 Tyriorum
2015 1985 2248 2060 millia
2299 1986 2586 2062 interea
2635 1985 2937 2077 occidit,

701 2106 847 2179 duo
890 2104 1123 2178 millia
1157 2103 1425 2179 dehinc
1460 2104 1870 2198 suspendit,
1910 2106 2057 2179 tria
2091 2106 2324 2180 millia
2373 2106 2452 2181 in
2499 2105 2942 2180 servitutem

696 2224 965 2320 redigit
1026 2225 1163 2319 (2).
1236 2224 1393 2298 Etsi
1448 2224 1758 2298 ulterius
1829 2226 2188 2300 nonnulla
2248 2228 2443 2322 Tyro
2518 2225 2940 2321 prosperius

694 2344 1076 2434 cesserint,
1134 2344 1239 2418 ita
1285 2343 1373 2417 ut
1429 2344 1929 2440 Hieronymus
1975 2366 2144 2420 eam
2207 2371 2244 2415 ‹
2284 2344 2675 2419 Phoenices
2715 2344 2937 2418 nobi-

695 2463 1050 2537 lissimam
1101 2464 1177 2538 et
1227 2462 1803 2559 pulcherrimam
1844 2464 2228 2538 civitatem
2266 2491 2302 2534 ›
2366 2464 2463 2560 (3)
2503 2463 2799 2555 dixerit,
2843 2463 2938 2535 ad

679 2582 974 2656 ruinam
1024 2582 1103 2655 in
1158 2582 1313 2656 dies
1359 2581 1776 2672 inclinavit,
1818 2583 2053 2657 donec
2104 2583 2445 2658 Damasci
2496 2593 2565 2656 et
2621 2581 2932 2677 AEgypti

675 2702 1016 2778 sultanus
1086 2724 1255 2777 eam
1309 2724 1355 2778 a
1430 2702 2021 2778 Christianorum
2077 2703 2425 2778 manibus
2486 2723 2683 2777 anno
2742 2702 2921 2773 1291

669 2821 1025 2918 eripuerit
1084 2824 1214 2918 (4).
1282 2824 1465 2898 Eam
1524 2821 1791 2898 exinde
1857 2846 2008 2898 non
2090 2822 2506 2898 surrexisse
2556 2822 2931 2897 testantur

666 2941 990 3016 viatores
1054 2944 1196 3035 (5);
1285 2943 1456 3017 hinc
1523 2943 1848 3036 quolibet
1919 2944 2139 3018 modo
2222 2943 2592 3018 corruerit
2651 2945 2921 3037 TyruS,

667 3149 916 3201 Ezechiel
946 3151 1032 3200 sut
1060 3153 1324 3217 prophete
1355 3152 1406 3202 le
1424 3152 1557 3217 jour
1587 3154 1656 3202 oh
1687 3153 1725 3202 il
1764 3154 1847 3204 dit
1878 3154 1945 3204 de
1966 3154 2146 3205 Soura
2178 3173 2200 3201 ι
2232 3154 2311 3204 On
2340 3161 2389 3204 te
2413 3154 2744 3204 chercheras
2779 3161 2835 3204 et
2864 3160 2921 3204 tu

667 3239 734 3274 ne
759 3239 910 3275 serae
938 3226 1083 3290 plus.
1121 3245 1145 3272 ι
1203 3227 1334 3291 (Ez.,
1363 3229 1635 3291 xxv1,21).
1695 3229 1780 3279 Un
1824 3244 2097 3295 voyageur
2137 3232 2230 3296 qni
2298 3245 2365 3280 ne
2404 3229 2576 3279 serait
2623 3244 2720 3294 pas
2750 3229 2919 3279 averti

665 3304 1030 3367 traverserait,
1061 3317 1191 3353 sans
1220 3304 1512 3367 contredit,
1543 3304 1779 3371 l'espace
1817 3307 1912 3372 qui
1961 3305 2171 3358 s'etend
2203 3307 2269 3357 de
2294 3304 2346 3356 la
2374 3304 2599 3355 Kumie
2628 3307 2661 3355 ὰ
2688 3305 2921 3355 Rae-el-

661 3377 770 3424 Ain
799 3390 927 3427 sans
955 3391 1011 3427 se
1038 3377 1236 3428 douter
1264 3377 1397 3443 qu’il
1442 3378 1620 3429 cotoie
1646 3394 1752 3430 une
1786 3380 1916 3431 ville
1943 3381 2295 3432 ancienne....
2331 3380 2439 3430 Dee
2466 3379 2767 3444 aqueducs,
2806 3394 2915 3429 une

665 3449 936 3515 basilique
975 3451 1320 3516 chretienne,
1350 3453 1616 3519 quelques
1646 3454 1912 3506 colonnes
1936 3456 2067 3507 horn
2097 3456 2164 3506 de
2194 3455 2317 3504 leur
2346 3453 2523 3519 place,
2544 3453 2688 3504 voila
2716 3459 2836 3505 tout
2859 3469 2920 3504 ce

661 3525 756 3589 qui
786 3531 930 3575 reste
977 3526 1044 3577 de
1069 3526 1217 3577 l’une
1247 3527 1343 3578 des
1384 3527 1717 3593 metropoles
1748 3529 1828 3580 les
1866 3530 1989 3595 plus
2016 3529 2274 3596 peuple‘es
2303 3530 2369 3579 de
2399 3527 2791 3593 l'nntiquite....
2835 3528 2916 3579 La

663 3598 888 3649 terrible
915 3599 1255 3653 destruction
1285 3603 1379 3667 qui
1427 3602 1597 3654 suivit
1624 3601 1676 3672 le
1710 3605 1936 3657 dernier
1968 3613 2159 3656 assant
2191 3604 2286 3655 des
2317 3602 2601 3654 Sarrasinn
2646 3618 2712 3653 en
2747 3607 2807 3655 fit
2838 3618 2912 3655 un

658 3689 923 3725 monceau
953 3675 1020 3726 de
1049 3677 1282 3742 pierres,
1314 3678 1439 3729 d’oh
1476 3678 1555 3731 les
1586 3682 1836 3734 localites
1866 3682 1991 3748 plus
2024 3681 2336 3742 favorisees,
2375 3683 2560 3745 Sinda,
2593 3682 2908 3733 sitiat-scau

658 3747 873 3812 d’Acre,
908 3749 1136 3800 tirerent
1174 3750 1269 3801 dee
1304 3754 1614 3808 materiaux
1659 3772 1799 3822 pour
1831 3758 1979 3808 leurs
2027 3758 2341 3808 batiments.
2374 3757 2448 3807 Le
2476 3757 2653 3808 rhetis
2683 3770 2910 3807 mouve-

657 3830 810 3873 ment
837 3824 905 3873 de
932 3825 1283 3876 renaissance
1318 3828 1412 3891 qui
1443 3834 1520 3892 ε’]
1550 3831 1653 3882 fait
1685 3834 1859 3883 sentir
1899 3831 2098 3897 depuis
2128 3846 2233 3881 une
2260 3832 2512 3883 containe
2543 3831 2799 3882 d'annees
2822 3831 2911 3881 n’a

654 3898 758 3947 fait
785 3898 1076 3964 qu'effacer
1104 3915 1304 3951 encore
1329 3917 1457 3952 sous
1487 3905 1552 3955 de
1592 3909 1907 3972 mesquines
1941 3907 2348 3958 constructione
2386 3908 2439 3958 le
2471 3907 2730 3958 eonvenir
2758 3906 2824 3958 de
2854 3906 2910 3957 la

655 3972 843 4023 vieille
863 3974 987 4025 cite.
1021 3991 1050 4022 n
1080 3975 1295 4036 Risum,
1324 3978 1554 4032 Mission
1575 3981 1641 4033 de
1665 3981 1947 4044 Phe'nicie,
1981 3997 2032 4047 p.
2064 3985 2178 4033 529.

716 4047 785 4110 (1)
820 4046 910 4108 Is.,
941 4064 1095 4111 xxm,
1124 4050 1201 4099 15.

717 4125 781 4183 (2)
812 4121 1025 4183 Duaur,
1052 4122 1293 4177 Histoire
1319 4126 1411 4180 des
1441 4125 1613 4191 Graes,
1649 4129 1717 4195 11,
1746 4146 1797 4196 p.
1828 4133 1941 4193 313,
1965 4134 2076 4183 31⁴.
2110 4162 2169 4171 -
2213 4133 2566 4200 Ranmson,
2597 4135 2817 4202 History
2848 4137 2909 4199 os

654 4195 956 4258 Ρὴωηίεἰα,
984 4213 1037 4263 p.
1062 4203 1154 4249 506
1178 4213 1298 4265 sqq,

715 4274 778 4329 (3)
812 4268 868 4321 S.
889 4270 1146 4332 Hauon„
1182 4275 1481 4328 Comment-
1518 4277 1574 4326 in
1606 4278 1717 4338 Ez.,
1740 4294 1850 4329 τινι.

714 4343 982 4472 (ὁᾷγιίὸεν
1019 4351 1353 4400 secretorum
1387 4348 1647 4414 fidelium
1686 4353 1901 4416 CruciS,
1931 4353 2026 4405 lib.
2054 4356 2147 4420 111,
2178 4371 2298 4421 cap.
2326 4361 2406 4421 22,
2437 4359 2583 4425 apud
2615 4357 2767 4412 Gesta
2801 4361 2904 4413 Dei

650 4432 753 4485 per
810 4433 1025 4473 raucos.

714 4497 796 4560 (5)
826 4496 902 4546 De
934 4497 1153 4561 integra
1181 4498 1307 4563 Tyri
1330 4502 1583 4563 historia,
1604 4504 1673 4555 cs.
1699 4503 1894 4569 Sum-n,
1925 4505 2268 4573 Dictionary,
2284 4508 2352 4558 ad
2378 4510 2600 4561 verbum
2623 4530 2634 4561 :
2659 4512 2819 4578 Tyra.
2839 4540 2903 4552 —

657 4574 753 4619 «25
778 4569 907 4621 suin
932 4574 1132 4622 isam...
1157 4571 1234 4621 Le
1260 4575 1364 4625 ciel
1384 4582 1467 4627 est
1487 4576 1611 4627 bien
1632 4579 1790 4638 beau,
1809 4595 1938 4630 avec
1958 4594 2043 4630 ses
2060 4582 2258 4632 etoiles
2272 4596 2375 4632 aux
2395 4582 2519 4633 seux
2537 4584 2604 4635 de
2626 4586 2903 4640 diamants

655 4642 800 4692 L'air
843 4652 926 4694 est
967 4659 1118 4696 assez
1169 4662 1272 4712 pur
1312 4663 1407 4700 sur
1436 4652 1494 4700 la
1537 4657 1774 4704 teri-asse
1820 4654 1916 4703 dee
1946 4655 2081 4705 bons
2112 4655 2277 4705 Feres
2312 4657 2717 4712 Franciscains.
2761 4663 2903 4715 Mais
