3719 5650
1695 750 2227 818 —126—

843 910 961 987 nis
1025 910 1432 1013 imaginem
1496 909 1699 1013 apud
1764 908 2226 1013 Sophoniam
2301 908 2701 988 invenies:
2783 938 2821 984 ‹
2876 911 3076 987 Et...

843 1029 1102 1131 perdet
1161 1030 1457 1123 Assur;
1528 1033 1605 1106 et
1653 1032 1879 1132 ponet
1944 1027 2360 1131 speciosam
2414 1027 2495 1104 in
2563 1028 3104 1120 solitudinems

842 1151 919 1225 et
963 1147 1041 1224 in
1093 1146 1420 1245 invium,
1475 1152 1552 1225 et
1607 1148 1821 1250 quasi
1870 1148 2284 1227 desertum.
2339 1149 2437 1225 Et
2487 1151 2958 1229 accubabunt
3006 1151 3083 1227 in

841 1264 1085 1344 medio
1140 1266 1310 1369 ejus
1370 1292 1666 1370 gregeS,
1722 1292 1981 1344 omnes
2030 1268 2289 1345 bestiae
2326 1268 2716 1369 gentium;
2776 1274 2851 1347 et
2899 1294 3085 1347 ono-

843 1386 1176 1465 crotalus
1237 1392 1311 1466 et
1369 1388 1640 1466 ericius
1704 1387 1782 1465 in
1835 1387 2221 1465 liminibus
2284 1388 2449 1489 ejus
2506 1392 3072 1468 morabuntur:

839 1530 994 1583 vox
1029 1507 1408 1585 cantantis
1446 1507 1522 1584 in
1563 1507 1923 1603 fenestra,
1964 1531 2241 1584 corvus
2289 1507 2367 1583 in
2417 1507 3073 1611 superliminari...

842 1625 1216 1725 quomodo
1255 1626 1455 1705 facta
1493 1630 1608 1704 est
1639 1627 1720 1704 in
1750 1627 2130 1704 desertum
2169 1629 2409 1707 cubile
2448 1629 2760 1707 bestiae?
2805 1628 3077 1706 Omnis

839 1747 966 1846 qui
1025 1746 1306 1822 transit
1372 1772 1505 1849 per
1573 1770 1769 1840 eam,
1833 1744 2168 1824 sibilabit
2229 1751 2305 1824 et
2369 1748 2703 1824 movebit
2766 1769 3076 1822 manum

841 1890 1060 1943 suam
1115 1862 1258 1970 (1).
1332 1895 1367 1938 »
1712 1946 1717 1951 ,

945 1984 1153 2062 Adeo
1220 1982 1610 2087 impletum
1679 1989 1793 2062 est
1845 1984 2384 2087 prophetarum
2437 1983 2921 2061 maledictum
2992 1990 3079 2061 ut

839 2102 1133 2179 duobus
1205 2108 1378 2206 post
1459 2102 1753 2180 saeculis
1839 2103 1972 2179 vix
2047 2101 2372 2180 inveniri
2455 2103 2788 2207 potuerit
2868 2103 3078 2180 urbis

838 2214 1027 2297 situs
1089 2218 1237 2327 (2).
1309 2225 1537 2300 Anno
1588 2222 1776 2319 401,
1843 2222 2265 2325 Xenophon
2325 2248 2498 2299 cum
2574 2221 2910 2300 exercitu
2981 2225 3075 2299 ad

838 2341 1128 2446 Tigrim
1165 2368 1466 2420 amnem
1505 2344 1940 2446 procedens,
1972 2340 2161 2418 nihil
2196 2341 2295 2419 ibi
2326 2346 2542 2420 notat
2582 2347 2859 2446 praeter
2894 2343 3078 2420 dua-

838 2486 1009 2538 rum
1064 2462 1489 2564 ingentium
1551 2463 1857 2539 urbium
1913 2460 2200 2556 ruinas,
2268 2486 2589 2563 quarum
2635 2460 2874 2538 altera
2926 2463 3080 2540 La-

835 2580 1055 2676 rissa,
1101 2580 1337 2657 altera
1375 2580 1691 2683 Mespila
1749 2582 1840 2657 ab
1898 2605 1986 2657 eo
2025 2578 2461 2657 nominatur
2503 2577 2647 2685 (3),
2710 2604 3073 2683 quasque,

836 2702 922 2775 ut
962 2697 1301 2777 ferebant
1338 2701 1628 2797 incolae,
1673 2702 1936 2777 Persae
1994 2700 2087 2776 ab
2131 2700 2431 2778 aemulis
2486 2699 2756 2796 Medis,
2799 2700 3078 2778 faven-

838 2815 1036 2895 tibus
1077 2817 1251 2915 diis,
1285 2819 1654 2924 eripuisse
1692 2821 2130 2899 traduntur.
2169 2822 2354 2907 Quae
2384 2824 2612 2899 urbes
2650 2820 2842 2899 nihil
2871 2820 3076 2899 aliud

833 2942 1053 3013 erant
1112 2937 1263 3015 nisi
1330 2939 1642 3042 antiqua
1693 2942 1972 3020 Ninive
2026 2939 2696 3045 (Larissa-Kalach
2747 2945 2825 3019 et
2865 2941 3074 3019 Mes·

830 3052 1529 3164 pila-Koyundjik)‚
1599 3062 1819 3160 cujus
1883 3061 2128 3164 ipsum
2194 3060 2686 3162 ignorabatur
2759 3084 3065 3138 nomen.

831 3173 1176 3257 Quatuor
1241 3176 1544 3278 quidem
1609 3178 1885 3255 abhinc
1951 3178 2287 3272 saeculis»,
2347 3183 2654 3256 auctore
2720 3177 3069 3257 Cornelio

826 3291 1110 3389 Tacito,
1155 3319 1296 3371 arx
1327 3295 1628 3374 nomine
1676 3325 1711 3369 «ι
1758 3298 1962 3375 Urbs
2009 3299 2248 3375 Ninos
2287 3298 2810 3377 vetustissima
2852 3297 3065 3376 sedes

825 3413 1211 3515 Assyriae,
1284 3414 1676 3492 castellum
1737 3416 2038 3519 insigne
2104 3416 2308 3493 fama
2372 3416 2531 3523 (4),
2599 3448 2635 3491 »
2711 3418 2807 3494 ad
2859 3416 3065 3518 ripas

823 3530 1078 3630 Tigris
1117 3556 1164 3609 a
1224 3532 1590 3610 Romanis
1646 3539 1866 3636 capta
1923 3540 2116 3613 erat.
2164 3536 2614 3612 Ammianus
2677 3535 3061 3612 Marcelli-

821 3676 965 3729 nus
1003 3651 1119 3757 (5)
1176 3655 1267 3730 de
1319 3656 1577 3732 eadem
1618 3659 1800 3733 urbe
1840 3681 1974 3757 per
2022 3661 2511 3732 transennam
2563 3656 2760 3758 agit3
2823 3659 3066 3733 fertur

820 3770 1002 3846 item
1041 3773 1451 3870 imperator
1516 3774 1917 3851 Heraclius
1984 3773 2430 3850 Sassanidas
2485 3799 2715 3877 prope
2783 3774 3055 3870 Ninu8‚

814 3911 1015 3963 anno
1056 3888 1243 3983 6:20,
1289 3891 1840 3992 profligavisse.

926 4004 1008 4082 Si
1046 4010 1301 4082 autem
1355 4007 1783 4109 hujusmodi
1831 4010 2016 4087 satis
2057 4011 2348 4087 incerta
2385 4010 2816 4089 testimonia
2852 4009 3058 4088 exci-

874 4197 950 4258 (1)
985 4195 1263 4259 Soph..11,
1293 4199 1370 4259 13,
1403 4202 1480 4262 1⁴,
1519 4201 1596 4248 15.

871 4284 952 4345 (2)
995 4284 1057 4332 ‘11
1087 4285 1171 4347 μὲν
1202 4284 1285 4336 οὖν
1314 4287 1460 4343 Νῖνος
1490 4288 1628 4344 πόλις
1650 4282 1892 4352 ἠφανίσθη
1923 4293 2236 4356 παραχρῆμα
2276 4289 2397 4353 μετὰ
2435 4286 2522 4353 τὴν
2561 4297 2658 4340 τῶν
2693 4291 2868 4357 Σύρων
2898 4290 3055 4341 κατὰ·

804 4377 959 4423 λυσιν.
999 4373 1231 4435 STRABO,
1263 4390 1374 4437 xvi,
1403 4381 1444 4436 1,
1471 4375 1499 4438 ἓ
1531 4381 1577 4424 3.

869 4459 933 4522 (3)
969 4460 1232 4520 Xan-orn„
1264 4465 1335 4513 De
1360 4463 1491 4524 Cyri
1518 4462 1864 4526 expeditione,
1902 4462 1997 4514 lib.
2031 4464 2121 4524 111,
2154 4479 2204 4528 p.
2235 4467 2346 4525 235,
2374 4479 2489 4528 sqq.
2525 4464 2900 4528 Oxonii,1735.

866 4546 936 4608 (Ι.)
969 4547 1023 4594 C.
1048 4547 1251 4612 Tactr„
1276 4550 1493 4608 annal..
1523 4548 1615 4600 lib.
1644 4550 1761 4612 xil,
1792 4553 1821 4613 ξ
1849 4556 1925 4600 13.

868 4623 938 4682 (5)
973 4622 1215 4674 Ausum.
1254 4623 1611 4684 Mancinum„
1638 4624 1728 4674 lib.
1753 4626 1948 4684 XXIII,
1985 4639 2031 4676 c.
2067 4632 2115 4677 G.
