3719 5650
1737 772 2227 842 ³20..-

956 924 1240 1005 Munus
1288 928 1487 1005 enim
1546 930 2082 1032 prophetarum
2123 927 2447 1031 amplius
2493 929 2654 1030 jam
2717 925 3088 1004 extende-

849 1042 1099 1139 batur,
1162 1046 1526 1149 siquidem
1592 1050 1686 1125 ab
1784 1048 1967 1151 ipsis
2033 1044 2459 1125 monendus
2534 1051 2704 1123 erat
2770 1041 3093 1148 populus

842 1160 1281 1259 Dominum,
1326 1166 1467 1242 etsi
1514 1164 1898 1243 Israelitas
1928 1165 2004 1242 in
2037 1165 2230 1243 filios
2270 1164 2700 1268 adoptionis
2741 1161 3083 1265 elegerit,

842 1278 1333 1361 nihilominus
1375 1286 1618 1362 Deum
1656 1310 1745 1362 ac
1776 1284 2345 1362 Dominatorem
2381 1283 2617 1361 totius
2647 1282 2851 1360 orbis
2891 1305 3086 1366 esse.

841 1401 1282 1504 cunctisque
1307 1404 1675 1482 Gentibus
1713 1405 2014 1483 Messiae
2053 1402 2377 1481 salutem
2427 1409 2685 1504 patere
2726 1398 2874 1506 (l).
2920 1398 3090 1476 Etsi

842 1519 1041 1595 enim
1062 1522 1406 1599 nonnulli
1434 1523 1513 1599 in
1536 1523 1998 1600 contrariam
2026 1522 2481 1600 sententiam
2512 1520 2816 1610 iverint,
2848 1517 3088 1595 nimia

839 1637 970 1714 illa
1030 1638 1147 1715 sui
1205 1640 1659 1719 existimatio
1714 1667 1865 1743 qua
1917 1640 2287 1718 Pharisaei
2346 1640 2560 1740 regni
2629 1637 2865 1715 divini
2927 1661 3085 1711 mo-

840 1759 1252 1859 nopolium,
1321 1766 1407 1837 ut
1462 1761 1570 1838 ita
1617 1761 1888 1855 dicam,
1934 1760 2075 1839 sibi
2115 1761 2605 1861 arrogabant,
2653 1756 3086 1838 nullatenus

838 1877 1053 1979 quasi
1085 1879 1416 1980 genuina
1444 1881 1748 1956 Veteris
1777 1877 2244 1957 Testamenti
2282 1879 2628 1955 doctrina
2659 1874 3085 1978 reputanda

839 1998 979 2071 est.
1006 1995 1203 2073 Sane
1229 1999 1277 2074 J
1282 1998 1598 2075 eremias
1639 1998 1715 2073 in
1743 2023 1871 2075 eas
1909 1996 2292 2073 invehitur
2323 1994 2604 2071 Gentes
2636 2019 2806 2095 quae
2845 1994 3089 2069 Deum

838 2138 987 2190 non
1027 2121 1524 2216 cognoscunt,
1570 2104 1694 2193 eas
1725 2140 1909 2193 vero
1949 2140 2100 2191 non
2142 2116 2513 2213 quatenus
2550 2124 2832 2188 exterae
2866 2121 3074 2203 sunt,

840 2233 966 2308 sed
1033 2238 1408 2333 quatenus
1436 2235 1668 2311 Jacob
1709 2234 2188 2336 impugnant,
2236 2231 2583 2308 convitiis
2617 2229 2887 2331 premit
2935 2225 3078 2333 (2).

837 2352 1105 2444 Imm0‚
1170 2377 1403 2454 quum
1455 2352 1867 2429 Malachias
1926 2349 2212 2452 profert
2257 2349 2556 2426 Domini
2613 2372 2946 2425 amorem
3005 2346 3084 2422 in

833 2469 1067 2545 Jacob
1101 2472 1178 2546 et
1215 2470 1474 2547 odium
1514 2471 1591 2546 in
1632 2473 1865 2564 Esau,
1910 2468 2185 2546 nedum
2225 2478 2400 2544 ante
2431 2466 2780 2567 praecisa
2821 2467 3080 2542 deme-

836 2593 999 2663 rita
1038 2588 1470 2685 maledicat,
1519 2589 1780 2667 statim
1826 2588 2034 2666 addit
2089 2589 2446 2666 Idumaeae
2489 2587 2674 2663 fines
2714 2585 3079 2662 terminos

842 2702 1253 2805 impietatis
1298 2731 1464 2782 esse
1504 2704 1652 2809 (3).

943 2821 1109 2899 Hoc
1152 2848 1332 2924 ergo
1374 2823 1755 2926 prophetis
1797 2823 2268 2901 tribuebatur
2308 2849 2613 2919 munus,
2660 2829 2745 2900 ut
2784 2821 3084 2900 univer-

837 2940 1072 3019 salem
1111 2941 1419 3019 cuilibet
1481 2945 1697 3020 bonae
1759 2943 2171 3020 voluntatis
2235 2943 2559 3037 homini,
2620 2967 2716 3019 ne
2770 2940 3084 3043 paganis

837 3058 1138 3160 quidem
1194 3060 1560 3156 exclusiS‚
1634 3061 1960 3139 salutem
2034 3064 2495 3163 sponderent
2563 3106 2661 3118 --
2714 3062 2915 3162 quod
2979 3060 3084 3136 ita

836 3181 1175 3257 exsecuti
1233 3185 1412 3258 sunt
1463 3185 1551 3258 ut
1607 3181 1840 3259 semel
1893 3186 1969 3260 et
2025 3182 2301 3258 iterum
2355 3206 2441 3257 eo
2505 3207 2737 3258 sensu
2793 3180 3080 3257 Gentes

833 3299 1268 3377 confortare
1341 3300 1797 3379 studuerint.
1870 3301 2139 3378 Nonne
2204 3300 2442 3378 scient
2522 3302 2763 3376 Deum
2843 3297 3081 3376 Israel

834 3417 1176 3520 ipsarum
1233 3419 1475 3496 Deum
1528 3444 1688 3496 esse
1730 3417 1847 3525 (4)
1875 3419 1913 3496 ⁶?
1963 3419 2347 3521 AEgyptus
2389 3417 2758 3495 Jehovam
2802 3441 3082 3518 cogno-

839 3542 997 3613 scet
1059 3541 1136 3613 et
1190 3538 1515 3640 quinque
1575 3537 1925 3615 civitates
1992 3536 2336 3639 linguam
2408 3539 2571 3638 ejus
2643 3537 3074 3638 loquentur.
3121 3589 3201 3608 ..-

847 3685 883 3725 ‹<
949 3654 1034 3729 In
1102 3655 1221 3731 die
1284 3655 1411 3731 illa
1475 3657 1621 3733 erit
1694 3655 1937 3733 altare
2006 3653 2313 3732 Domini
2379 3654 2457 3728 in
2542 3653 2782 3731 medio
2857 3659 3081 3730 terrae

839 3773 1166 3875 AEgypti
1227 3778 1304 3849 et
1356 3774 1627 3852 titulus
1682 3773 1984 3851 Domini
2024 3774 2247 3875 juxta
2305 3772 2723 3849 terminum
2775 3775 3078 3873 ejusm.

836 3894 939 3969 Et
997 3898 1490 3993 cognoscetur
1535 3893 1904 3971 Dominus
1961 3894 2054 3970 ab
2109 3893 2454 3993 AEgypto
2503 3899 2579 3968 et
2626 3901 3086 3993 cognoscent

837 4010 1189 4113 AEgyptii
1255 4012 1661 4091 Dominum
1717 4013 1794 4088 in
1861 4011 1982 4089 die
2035 4011 2202 4106 illa3
2280 4016 2353 4087 et
2421 4011 2670 4087 colent
2742 4036 2918 4087 eum
2998 4011 3077 4087 in

831 4131 1097 4208 hostiis
1157 4137 1233 4206 et
1286 4130 1364 4205 in
1413 4134 1902 4225 muneribus;
1961 4134 2038 4207 et
2093 4134 2272 4205 vota
2327 4131 2715 4205 vovebunt
2758 4130 3082 4207 Domino

903 4322 982 4382 (1)
1018 4320 1329 4383 Ζεοιῑοκιςε,
1352 4322 1444 4384 Op.
1471 4323 1581 4383 cil„
1610 4329 1740 4372 tom.
1772 4323 1840 4381 11,
1868 4328 1898 4371 2
1945 4337 1995 4386 p.
2022 4324 2111 4370 566
2142 4333 2263 4383 sqq.
2282 4347 2345 4357 —
2364 4319 2635 4384 Cominus,
2660 4321 2748 4384 Op.
2772 4321 2882 4384 cit„
2912 4335 2962 4384 p.
2994 4324 3085 4371 272

836 4409 954 4458 sqq.
988 4421 1043 4432 —-
1080 4394 1307 4457 OEumm,
1339 4397 1432 4459 Op.
1461 4399 1570 4459 cit„
1605 4406 1732 4446 tom.
1772 4396 1836 4459 11,
1871 4412 1922 4461 p.
1959 4399 2051 4447 :398
2079 4409 2196 4459 sqq.

902 4483 983 4543 (2)
1017 4482 1162 4542 δικ,
1194 4498 1250 4546 x,
1286 4487 1364 4533 25.

902 4568 976 4630 (3)
1006 4567 1169 4626 Mn...
1202 4585 1236 4630 1,
1265 4575 1311 4625 2,
1350 4577 1395 4631 3,
1431 4574 1474 4619 ⁴.

907 4656 980 4717 (4)
1017 4655 1103 4705 Ez.
1139 4672 1267 4720 xxv,
1300 4661 1348 4719 5,
1382 4662 1428 4715 7,
1460 4662 1534 4716 11,
1557 4664 1659 4706 etc.
