3719 5650
1571 768 2064 834 —29-

683 921 951 1017 fretuS,
994 921 1268 997 solium
1299 947 1520 999 suum
1559 921 1896 1000 maxima
1934 920 2252 1025 pecunia
2291 918 2439 1027 (l),
2484 920 2724 1023 invito
2758 945 2937 1023 pro-

683 1040 909 1142 pheta
945 1041 1148 1120 Osea
1195 1039 1339 1147 (2),
1383 1045 1710 1119 tutatur.
1757 1042 1984 1136 Hinc,
2046 1041 2304 1145 paucis
2363 1040 2637 1143 elapsis
2676 1040 2928 1134 annis,

681 1161 1433 1264 hierosolymitanum
1453 1186 1776 1264 regnum
1804 1161 2070 1239 iisdem
2098 1160 2443 1263 vestigiis
2473 1158 2927 1262 ingreditur,

682 1304 916 1380 quum
952 1281 1207 1357 Achaz
1246 1305 1384 1357 rex
1426 1281 1522 1356 ad
1569 1279 2252 1382 Teglathphalasar
2298 1279 2606 1356 nuntios
2659 1276 2927 1371 mittit,

683 1399 811 1499 qui
850 1399 1047 1475 dona
1082 1400 1393 1476 tradant
1446 1400 2086 1502 Assyriorumque
2145 1399 2517 1476 auxilium
2564 1400 2933 1475 adversus

684 1514 993 1594 Phacee
1038 1521 1116 1594 et
1150 1518 1399 1594 Razin
1445 1517 1685 1595 socios
1723 1518 2127 1620 impetrent
2165 1545 2182 1594 ε
2227 1548 2263 1590 «
2313 1519 2595 1596 Servus
2625 1523 2812 1593 tuus
2852 1521 2933 1594 et

682 1636 881 1713 filius
930 1640 1112 1714 tuus
1171 1662 1313 1737 ego
1364 1662 1571 1729 sum;
1618 1638 1941 1715 ascende
1994 1642 2069 1714 et
2125 1638 2423 1716 salvum
2478 1663 2600 1715 me
2660 1636 2777 1714 fac
2837 1637 2930 1714 de

683 1780 911 1832 manu
968 1756 1169 1858 regis
1241 1756 1519 1858 Syriae,
1578 1762 1655 1834 et
1728 1758 1817 1833 de
1887 1782 2117 1834 manu
2179 1758 2386 1857 regis
2465 1756 2737 1848 Israel,
2797 1754 2929 1857 qui

680 1881 1320 1955 consurrexerunt
1374 1879 1782 1956 adversum
1854 1901 1976 1955 me
2050 1876 2196 1983 (3).
2271 1909 2307 1951 »
2381 1880 2662 1957 Utrum
2729 1875 2929 1951 male

681 1995 968 2099 accepti
1036 1995 1317 2092 nuntii,
1386 2001 1882 2099 exortumque
1943 1997 2327 2100 syriacum
2390 1997 2669 2077 bellum
2727 1994 2927 2073 dele-

677 2119 905 2216 taque
940 2116 1359 2193 Damascus
1398 2141 1653 2217 regem
1693 2117 1950 2193 Achaz
2002 2118 2480 2196 adverterint
2518 2140 2779 2210 necne,
2824 2139 2926 2191 ex

682 2234 997 2311 historia
1054 2259 1207 2311 non
1271 2239 1617 2328 constat;
1683 2235 2040 2313 novimus
2096 2240 2354 2313 tamen
2412 2236 2660 2337 ipsum
2722 2234 2925 2308 inter

681 2352 1021 2430 subditos
1067 2360 1142 2429 et
1190 2353 1631 2430 tributarios
1675 2352 2043 2455 principes
2091 2354 2171 2430 in
2213 2353 2500 2456 inclyto
2548 2350 2919 2453 Teglath-

679 2471 1032 2573 phalasar
1094 2468 1435 2571 catalogo
1525 2473 2093 2568 connumerari,
2170 2472 2670 2568 Ya-u-Zza-zi
2756 2474 2923 2546 mdt

673 2590 1164 2669 Ja-u-da-az·
1190 2590 1308 2697 (1)
1341 2590 1630 2689 (Achaz
1669 2617 1763 2668 ex
1801 2596 2008 2668 terra
2035 2593 2081 2670 J
2089 2591 2295 2695 uda),
2333 2594 2641 2695 ejusque
2681 2589 2918 2666 filium

672 2711 1110 2806 Ezechiam,
1155 2716 1487 2814 paternae
1529 2712 1924 2790 deditionis
1982 2711 2360 2790 haeredem
2408 2713 2705 2790 obstare
2761 2736 2913 2790 non

672 2831 1008 2932 potuisse
1082 2832 1264 2933 quin
1342 2833 1644 2934 Assyrii
1708 2836 2157 2935 potestatem
2237 2858 2457 2908 suam
2522 2833 2922 2910 firmarent

664 2949 1135 3052 judaicisque
1169 2954 1394 3028 rebus
1434 2951 1758 3029 ulterius
1798 2952 2485 3029 commiscerentur.

667 3153 1031 3217 criptionibus
1076 3155 1493 3217 cuneisormibus
1530 3154 1826 3221 reperitur.
1867 3154 2008 3203 Dum
2058 3153 2204 3203 enim
2245 3153 2518 3216 Assyriaci
2570 3159 2742 3204 textus
2778 3170 2920 3204 non-

670 3227 848 3276 nullos
874 3228 1135 3279 Samariae
1166 3230 1443 3294 principes
1488 3229 1696 3286 Achab,
1720 3229 2034 3282 Manahem,
2058 3228 2289 3285 phacee,
2309 3228 2464 3289 Osee,
2486 3236 2921 3278 commemorant

671 3302 884 3364 ipsique
908 3303 1009 3352 soli
1040 3304 1533 3369 Teglatbphalasar
1561 3304 1844 3366 assignant
1873 3302 2137 3366 quidquid
2171 3302 2237 3349 ab
2257 3310 2480 3350 auctore
2504 3316 2661 3351 sacro
2691 3303 2755 3351 de
2775 3302 2916 3352 Phul

673 3377 1023 3440 praedicatur,
1065 3380 1218 3428 nulla
1264 3382 1489 3444 hujusce
1529 3380 1675 3442 regis
1720 3379 1927 3428 mentio
1965 3377 2280 3426 Niniviticis
2322 3376 2616 3425 annalibus
2658 3377 2916 3434 traditur.

675 3453 830 3502 Unde
883 3454 949 3503 ad
1000 3457 1140 3505 hane
1186 3456 1670 3520 interpretator-um
1715 3469 1935 3502 crucem
1981 3452 2372 3503 sublevandam
2409 3451 2605 3516 duplex
2642 3453 2922 3515 profertur

676 3528 906 3586 theoria,
937 3545 1047 3579 una
1077 3546 1270 3595 nempe
1301 3546 1411 3595 qua
1443 3530 1582 3579 Phul
1614 3545 1646 3578 a
1667 3526 2164 3591 Teglathphalasar
2192 3525 2574 3589 distinguitur,
2589 3525 2765 3575 altera
2790 3541 2918 3577 vero

675 3618 797 3666 quae
826 3604 975 3653 hisce
1012 3605 1220 3655 duobus
1243 3606 1556 3655 nominibus
1592 3619 1757 3653 unam
1787 3604 2145 3668 eamdemque
2186 3616 2472 3665 personam
2505 3601 2783 3665 designari
2815 3617 2921 3651 au·-

675 3684 878 3727 tumat.
918 3679 1176 3737 Quamvis
1220 3696 1345 3730 vero
1399 3680 1635 3744 priorem
1687 3678 2015 3728 sententiam
2066 3676 2301 3740 insignis
2356 3683 2497 3726 notae
2540 3677 2672 3736 viri,
2727 3677 2922 3742 quales

676 3755 734 3802 G.
763 3754 963 3812 Smith,
994 3756 1055 3803 G.
1093 3756 1427 3814 Rawlinson,
1450 3762 1504 3804 et
1534 3753 1769 3816 inclytus
1801 3752 1896 3802 ille
1935 3757 2117 3801 noster
2139 3753 2196 3804 J.
2232 3752 2439 3816 Oppert
2474 3758 2752 3814 tueantur,
2790 3752 2918 3803 sun·

675 3828 993 3879 damentum
1026 3836 1205 3880 tamen
1252 3830 1385 3879 satis
1426 3828 1663 3879 solidum
1693 3827 1822 3875 huic
1851 3826 2101 3891 opinioni
2134 3825 2497 3875 desideratur.
2542 3827 2716 3876 Alteri
2751 3827 2925 3890 igitur

676 3903 858 3965 potius
880 3903 1170 3954 favendum
1201 3920 1317 3954 esse
1350 3904 1584 3963 videtur,
1623 3917 1744 3967 quac
1785 3902 1927 3951 Phul
1968 3916 2092 3952 cum
2130 3902 2626 3966 Teglathphalasar
2663 3904 2920 3953 eumdem

675 3991 792 4026 esse
822 3977 1083 4028 declarat.
1108 3980 1259 4029 Hanc
1292 3981 1486 4030 thesim
1515 3978 1819 4040 longiorem
1844 3991 2009 4042 quam
2042 3984 2102 4026 ut
2124 3978 2212 4026 hic
2239 3977 2412 4026 evolvi
2447 3978 2636 4042 possit,
2668 3978 2924 4027 luculen-

678 4054 908 4104 tissimis
953 4056 1223 4105 munitam
1258 4054 1619 4120 argumentis,
1657 4054 1900 4118 undique
1948 4054 2306 4118 depromptiS,
2354 4053 2599 4103 invenire
2643 4060 2727 4102 est
2775 4053 2917 4117 apud

678 4129 1009 4192 Vigouroux,
1038 4132 1111 4180 La
1154 4131 1297 4182 Biblc
1338 4135 1386 4182 et
1424 4131 1494 4181 les
1524 4130 1856 4181 de'couvertes
1889 4129 2180 4186 modernam,
2224 4139 2352 4179 tom.
2400 4129 2490 4188 IV,
2518 4129 2606 4177 ch.
2637 4142 2733 4188 vn,
2763 4128 2922 4190 Paul,

684 4203 1172 4267 Teylamphatasar,
1196 4219 1246 4268 p.
1269 4206 1324 4255 81
1353 4221 1470 4270 sqq.
1498 4234 1562 4243 —
1601 4205 1681 4255 Cf.
1712 4205 1879 4254 etiam
1904 4206 2076 4254 Rcvue
2104 4204 2190 4254 des
2213 4206 2444 4257 Sciences
2471 4202 2923 4267 Ecclesiastiques.

679 4277 816 4327 Phut
853 4281 903 4329 et
953 4280 1444 4343 Teqlatlephalasar,
1492 4287 1715 4331 auctore
1760 4278 2129 4344 pseudonymo
2171 4281 2229 4331 P.
2267 4281 2564 4339 Hermann,
2600 4281 2731 4330 Juin
2778 4284 2923 4343 1385,

682 4365 735 4414 p.
766 4355 875 4402 522.

745 4427 820 4488 (Ι)
856 4427 928 4474 1v
959 4428 1045 4493 (ΙΙ)
1077 4428 1233 4491 Rue„
1265 4445 1358 4488 xv,
1385 4434 1443 4479 19
1463 4446 1586 4496 sqq.

745 4503 818 4563 (ἱ)
850 4501 961 4557 Os..
989 4508 1289 4564 V,13;vn,
1323 4510 1397 4563 11,
1436 4511 1521 4566 123
1555 4521 1673 4563 vm,
1708 4508 1757 4563 8.
1782 4509 1843 4564 93
1880 4520 1974 4567 xn,
2013 4512 2053 4556 ¹.

746 4578 821 4638 (3)
857 4576 927 4624 1v
953 4576 1047 4639 (11)
1080 4578 1237 4636 Rno„
1270 4587 1442 4637 xv1,7.

747 4651 813 4709 (4)
858 4652 1091 4703 Westeru
1128 4655 1333 4705 Asiatic
1366 4656 1721 4718 [inscriptions
1754 4655 1863 4717 (W.
1898 4657 1962 4704 A.
1993 4655 2079 4716 1.),
2111 4661 2240 4704 tom.
2273 4654 2339 4715 11,
2370 4654 2478 4705 tab.
2501 4657 2580 4711 67,
2610 4654 2711 4704 lin.
2739 4660 2821 4705 st.
