3719 5650
1686 713 1982 781 —23
2094 750 2173 761 --

797 895 1032 973 super
1076 895 1255 967 voe,
1300 870 1568 947 domus
1619 868 1902 965 Israel,
1946 868 2127 946 dicit
2173 867 2541 945 Dominus
2582 869 2786 946 Deus
2831 892 3045 945 exer-

800 989 1127 1086 cituum,
1172 993 1478 1092 gentem
1522 1012 1541 1066 :
1589 991 1667 1066 et
1709 991 2056 1066 conteret
2090 1012 2232 1065 vos
2271 988 2365 1065 ab
2414 986 2734 1064 introitu
2771 986 3047 1064 Emath

800 1136 1046 1213 usque
1091 1112 1187 1189 ad
1244 1114 1663 1189 torrentem
1704 1108 1993 1188 deserti
2044 1109 2191 1214 (1).
2245 1142 2280 1181 »

904 1231 1368 1334 Hujusmodi
1406 1233 1663 1307 autem
1701 1228 2008 1307 consilia
2057 1230 2188 1306 vix
2226 1227 2654 1332 perspicere
2690 1232 3044 1331 poterant

792 1349 922 1452 qui
965 1374 1129 1428 rem
1185 1348 1566 1453 publicam
1619 1348 1698 1424 in
1741 1373 1981 1452 regno
2026 1349 2075 1425 J
2084 1351 2254 1426 udae
2311 1349 2869 1451 gubernabant.
2930 1348 3043 1425 De

790 1470 1116 1573 Assyria
1158 1469 1357 1546 enim
1403 1469 1797 1578 bucusque
1849 1493 2093 1570 pauca
2142 1467 2263 1545 vel
2315 1465 2506 1543 nihil
2558 1467 2861 1545 omnino
2906 1492 3039 1544 au-

793 1589 1120 1667 dierant.
1150 1589 1478 1666 Demum
1512 1587 1708 1665 bella
1751 1586 2152 1664 mediocria
2192 1587 2379 1664 satis
2412 1612 2586 1664 cum
2623 1586 3040 1663 Philistaeis

788 1711 868 1788 et
907 1706 1307 1800 EdomitiS,
1363 1712 1500 1784 aut
1542 1705 1916 1808 aliquibus
1966 1705 2270 1807 regibus
2316 1705 2555 1782 Israel
2600 1708 3031 1807 gesserant,

787 1851 959 1929 quae
1014 1825 1253 1927 ipsius
1319 1825 1567 1927 gentis
1627 1823 2096 1920 libertatem,
2155 1822 2278 1901 vel
2330 1823 2393 1900 si
2457 1822 3035 1899 infaustissimae

783 1944 1034 2022 clades
1063 1943 1540 2038 accidissent,
1568 1967 1962 2045 nunquam
1995 1942 2073 2018 in
2098 1941 2499 2019 discrimen
2520 1940 3025 2019 vocavissent.

785 2064 1039 2149 Quum
1092 2062 1262 2165 ipsa
1313 2061 1843 2164 Hierosolyma.
1890 2087 1937 2137 a
1987 2086 2165 2164 rege
2226 2063 2407 2140 Joas
2458 2065 2682 2162 capta
2736 2058 3027 2153 fuisset,

780 2181 971 2260 nihil
1018 2181 1286 2261 exinde
1331 2206 1565 2283 grave
1613 2185 1959 2258 secutum
2008 2180 2285 2277 tuerat,
2345 2183 2621 2282 praeter
2667 2178 3034 2281 palatium

784 2302 1168 2406 direptum
1225 2305 1300 2379 et
1357 2299 1690 2378 civitatis
1749 2300 2036 2378 moenia.
2092 2300 2270 2376 hinc
2325 2300 2498 2375 inde
2560 2303 2811 2393 eruta3
2862 2323 3035 2376 cum

778 2422 1137 2524 gentibus
1193 2419 1485 2497 aemulis
1534 2419 1915 2521 copiisque
1964 2417 2122 2496 fere
2161 2420 2471 2522 paribus
2528 2418 3026 2510 dimicabant,

779 2540 893 2618 ita
922 2544 1011 2618 ut
1037 2566 1255 2642 aequa
1294 2541 1505 2616 lance
1542 2538 1762 2615 modo
1794 2540 2211 2630 vincerent,
2250 2539 2468 2616 modo
2507 2538 3025 2615 vincerentur.

778 2658 1077 2736 Deinde
1128 2656 1460 2734 vicinum
1512 2656 1951 2758 imperium,
2003 2655 2201 2758 quod
2250 2681 2489 2734 unum
2545 2659 2925 2758 potestate
2964 2660 3040 2733 et

782 2776 863 2853 vi
893 2780 1261 2855 terrorem
1300 2773 1733 2852 Palaestinae
1768 2774 2108 2853 incutere
2150 2773 2477 2870 valeret,
2530 2774 3066 2878 aegyptiacum*

784 2921 1094 2999 nempe,
1153 2894 1552 2988 memoria,
1613 2917 1766 2970 non
1831 2918 1914 2971 re
1978 2898 2054 2971 et
2113 2894 2383 2996 gestiS,
2443 2898 2628 2972 tunc
2700 2892 3037 2970 validum

785 3015 1236 3108 habebatur3
1269 3013 1498 3089 immo
1539 3017 2094 3090 commeatuum
2129 3013 2539 3091 commodis
2566 3012 3030 3113 urbanisque

784 3131 1205 3210 incolarum
1261 3130 1597 3209 moribus
1634 3129 2003 3230 benignos
2038 3132 2085 3208 J
2094 3131 2484 3209 udaeorum
2532 3131 2830 3208 animos
2892 3129 3031 3206 sibi

785 3250 1345 3330 conciliaverat.

914 3369 1224 3449 Subitus
1312 3368 1550 3471 igitur
1659 3369 2153 3471 Assyriorum
2250 3369 2579 3472 impetus
2678 3367 3036 3446 attonitos

785 3489 1093 3568 Judaeos
1156 3487 1390 3582 fallit,
1447 3487 1730 3566 nedum
1793 3486 2158 3566 Israelem
2222 3493 2299 3565 et
2374 3489 2653 3566 Judam
2719 3489 3029 3563 terreat.

782 3612 954 3688 Duo
1024 3609 1223 3686 enim
1288 3632 1532 3710 regna
1585 3606 1918 3684 vicissim
1981 3633 2153 3685 cum
2205 3608 2737 3686 invadentibus
2793 3605 3038 3684 foedus

786 3729 1096 3824 feriunt,
1152 3752 1302 3805 non
1361 3726 1469 3806 ita.
1521 3729 1609 3802 ut
1668 3751 2052 3803 summum
2104 3727 2378 3804 horum
2431 3731 2825 3829 pactorum
2879 3749 3037 3801 mo-

784 3850 1131 3925 mentum
1207 3844 1504 3948 penitus
1582 3843 2049 3946 intelligant,
2126 3844 2257 3921 sed
2331 3849 2416 3920 ut
2491 3843 2625 3920 tali
2699 3844 2818 3921 vel
2903 3839 3040 3918 tali

785 3971 1011 4046 sectae
1045 3971 1120 4044 et
1162 3964 1470 4042 factioni
1520 3962 1855 4041 faveant.
1904 3964 2101 4040 Hinc
2139 3964 2574 4055 Manahem‚
2621 3968 2710 4040 ut
2747 3988 2906 4040 sese
2945 3986 3039 4039 ex

782 4087 962 4166 belli
1009 4084 1255 4163 civilis
1303 4083 1637 4161 tumultu
1703 4081 2002 4185 eripiat,
2059 4083 2260 4186 regis
2321 4082 2523 4160 Phul
2578 4081 2692 4188 (2)
2756 4080 3038 4159 auxilio

844 4295 927 4360 (1)
962 4294 1137 4349 Auos».
1157 4307 1234 4349 vt,
1265 4290 1343 4340 15.

847 4383 920 4446 (2)
949 4380 1061 4430 Etsi
1092 4379 1158 4428 de
1187 4377 1285 4427 illo
1311 4390 1439 4440 rege
1472 4375 1733 4441 Assyriae,
1765 4373 2135 4426 Israeliticum
2166 4390 2397 4439 regnum
2427 4376 2525 4425 sub
2551 4375 2843 4425 Manahem
2876 4376 3037 4424 inva-

782 4459 947 4508 dente
977 4455 1068 4518 (lv
1100 4454 1248 4516 Reg.,
1282 4467 1375 4509 xv.
1412 4452 1607 4509 19-20),
1647 4450 1952 4499 disserendi
2001 4450 2154 4500 locus
2190 4465 2293 4499 non
2323 4451 2413 4509 sit,
2443 4458 2812 4515 opportunum
2853 4457 3035 4499 tamen

778 4533 999 4596 videtur
1026 4527 1362 4580 multifarias
1397 4525 1695 4589 indigitare
1727 4524 2057 4589 quaestiones
2082 4533 2230 4574 ortas
2257 4524 2322 4574 de
2356 4540 2418 4573 eo
2460 4525 2708 4589 principe
2739 4525 3034 4587 assyriam,

776 4609 873 4676 qui
907 4606 1118 4673 primus
1148 4619 1247 4656 suo
1289 4601 1508 4653 nomine
1548 4601 1605 4649 in
1641 4599 1839 4649 Bibliis
1881 4599 2210 4663 designatur
2253 4607 2310 4649 et
2337 4599 2561 4649 aliunde
2595 4599 2801 4650 nullibi
2829 4599 2885 4649 in
2915 4599 3031 4652 ins-
