3719 5650
1460 852 1989 923 —107--

603 1010 859 1087 anima
895 1034 1136 1113 usque
1192 1011 1287 1088 ad
1340 1035 1643 1090 carnem
1692 1013 2177 1089 consumetur
2228 1014 2303 1089 et
2348 1010 2492 1090 erit
2542 1014 2838 1091 terrore

604 1130 999 1234 profugus.
1044 1132 1145 1208 Et
1193 1129 1527 1233 reliquiae
1564 1130 1751 1233 ligni
1794 1129 2034 1208 saltus
2072 1132 2233 1234 ejus
2270 1157 2424 1236 prae
2461 1130 2838 1235 paucitate

604 1251 1335 1346 numerabuntur,ct
1371 1274 1557 1353 puer
1595 1251 1872 1329 scribet
1900 1275 2055 1328 eos‚
2080 1251 2180 1327 Et
2206 1251 2351 1328 crit
2388 1251 2464 1327 in
2495 1252 2612 1328 die
2649 1250 2781 1328 illa
2813 1278 2831 1327 ε

606 1398 755 1451 non
813 1372 1113 1476 adjiciet
1161 1373 1547 1450 residuum
1604 1373 1835 1452 Israel
1897 1377 1974 1451 et
2031 1374 2113 1450 hi
2176 1373 2303 1477 qui
2365 1374 2696 1477 fugerint
2751 1374 2841 1453 de

608 1490 824 1569 domo
878 1491 1109 1568 Jacob
1168 1490 1388 1568 inniti
1454 1517 1680 1596 super
1731 1518 1817 1570 eo
1881 1493 2006 1596 qui
2069 1494 2398 1595 percutit
2472 1519 2634 1591 eos,
2710 1495 2839 1572 sed

607 1610 974 1688 innitetur
1012 1635 1235 1714 super
1266 1611 1672 1689 Dominum
1706 1612 2072 1690 Sanctum
2110 1613 2345 1691 Israel
2382 1613 2461 1690 in
2489 1615 2832 1692 veritate.

606 1730 982 1833 Reliquiae
1036 1735 1607 1828 convertentur,
1654 1731 2021 1834 reliquiae,
2079 1733 2417 1835 inquam,
2461 1734 2690 1810 Jacob
2747 1734 2844 1809 ad

610 1840 1206 1929 Deum‘fortem.
1273 1853 1352 1933 Si
1419 1855 1620 1931 enim
1688 1852 1916 1932 fuerit
1978 1853 2299 1957 populus
2363 1857 2545 1931 tuus
2610 1853 2844 1932 Israel

612 1972 828 2075 quasi
901 1997 1134 2051 arena
1198 1974 1479 2071 maris,
1544 1974 1886 2078 reliquiae
1946 1979 2485 2053 convertentur
2556 2000 2650 2053 ex
2707 2000 2837 2070 eo;

611 2094 1161 2173 consummatio
1226 2094 1664 2173 abbreviata
1729 2095 2127 2173 inundabit
2182 2094 2581 2198 justitiam.
2648 2095 2848 2173 Con-

612 2216 1190 2296 summationem
1227 2219 1431 2296 enim
1460 2223 1535 2295 et
1573 2218 2212 2297 abbreviationem
2242 2218 2607 2295 Dominus
2636 2219 2844 2295 Deus

611 2336 1079 2416 exercituum
1117 2338 1344 2416 faciet
1381 2338 1458 2415 in
1498 2337 1738 2417 medio
1779 2338 2021 2416 omnis
2058 2343 2314 2416 terrae.
2534 2423 2543 2433 ‚

725 2488 761 2531 »
827 2457 1150 2560 Propter
1203 2457 1372 2554 hoc,
1430 2458 1595 2535 haec
1643 2457 1823 2536 dicit
1875 2458 2243 2536 Dominus
2300 2459 2504 2536 Deus
2557 2459 2848 2536 exerci-

610 2579 827 2654 tuum
865 2604 881 2653 :
929 2576 1101 2655 Noli
1150 2577 1415 2656 timere
1466 2578 1786 2682 populus
1826 2604 2040 2657 meus
2077 2579 2456 2657 habitator
2497 2578 2707 2674 Sion,
2751 2580 2846 2657 ab

612 2699 859 2773 Assur
891 2723 909 2773 t
947 2696 1023 2774 in
1063 2696 1282 2799 virga
1319 2697 1690 2800 percutiet
1721 2701 1793 2775 te
1824 2701 1900 2776 et
1925 2697 2279 2776 baculum
2309 2724 2529 2776 suum
2566 2698 2850 2777 levabit

614 2840 839 2919 super
911 2821 989 2895 te
1062 2816 1139 2894 in
1213 2816 1340 2895 via
1403 2816 1755 2921 AEgypti.
1826 2816 2103 2895 Adhuc
2181 2817 2380 2895 enirn
2456 2816 2849 2921 paululum

612 2937 1164 3039 modicumque,
1227 2941 1304 3016 et
1357 2938 2009 3016 consummabitur
2049 2936 2465 3040 indignatio
2514 2942 2592 3015 et
2640 2937 2850 3015 furor

612 3080 827 3133 meus
884 3083 1111 3159 super
1168 3057 1414 3135 scelus
1471 3082 1760 3135 eorum.
1816 3059 1919 3135 Et
1972 3057 2364 3137 suscitabit
2407 3083 2639 3161 super
2676 3083 2845 3136 eum

612 3175 981 3252 Dominus
1006 3176 1476 3254 exercituum
1508 3175 1926 3278 flagellum,
1958 3178 2180 3280 juxta
2212 3175 2515 3280 plagam
2541 3176 2848 3253 Madian

613 3293 691 3370 in
733 3299 949 3398 petra
990 3295 1186 3374 Oreb
1237 3302 1313 3374 et
1359 3297 1660 3399 virgam
1698 3322 1915 3375 suam
1963 3321 2191 3399 super
2226 3321 2436 3374 mare
2465 3301 2540 3373 et
2569 3295 2850 3373 levabit

616 3438 782 3490 eam
823 3414 897 3492 in
935 3416 1061 3493 via
1098 3416 1451 3520 AEgypti.

728 3566 763 3608 >›
810 3536 910 3613 Et
946 3535 1094 3614 erit
1148 3536 1224 3614 in
1275 3537 1395 3615 die
1441 3536 1567 3614 illa
1610 3564 1626 3614 :
1684 3536 2097 3615 Auferetur
2143 3562 2336 3614 onus
2376 3538 2542 3638 ejus
2583 3535 2674 3613 de
2709 3534 2846 3612 hu-

611 3678 819 3732 mero
855 3659 992 3732 tuo
1031 3660 1107 3733 et
1141 3658 1409 3759 jugum
1440 3658 1606 3758 ejus
1649 3659 1741 3734 de
1780 3656 1966 3734 collo
2004 3662 2134 3734 tuo
2182 3662 2257 3733 et
2298 3658 2851 3758 computrescet

605 3777 878 3878 jugum
941 3803 987 3853 a
1048 3776 1237 3854 facie
1297 3776 1469 3855 olei.
1535 3777 1810 3855 Veniet
1876 3777 1952 3853 in
2013 3776 2284 3879 Ajath‚
2357 3775 2714 3854 transibit
2772 3775 2849 3851 in

608 3895 991 3998 Magron:
1065 3898 1265 4000 apud
1319 3897 1720 3975 Machmas
1796 3897 2352 3975 commendabit
2424 3921 2607 3974 vasa
2682 3922 2841 3975 sua.

610 4017 1108 4095 Transierunt
1168 4019 1493 4113 cursim;
1546 4019 1761 4097 Gaba
1814 4020 2028 4096 sedes
2074 4021 2390 4096 nostra:
2455 4019 2852 4121 obstupuit

611 4137 889 4232 Rama,
940 4138 1292 4216 Gabaath
1343 4136 1590 4216 Saulis
1642 4136 1867 4240 fugit.

725 4287 760 4329 >›
806 4256 1039 4333 Hinni
1077 4282 1259 4336 voce
1296 4261 1462 4352 tua,
1510 4257 1666 4333 filia
1696 4256 1973 4338 Gallin.
2012 4257 2336 4335 Attende
2376 4255 2632 4352 Laisa,
2665 4280 2846 4357 pau-

610 4374 915 4478 percula
953 4377 1371 4454 Anathoth.
1414 4375 1784 4477 Migravit
1830 4376 2284 4453 Medemena
2319 4402 2336 4452 ε
2389 4375 2849 4451 habitatores

610 4494 918 4591 Gabim,
977 4495 1528 4573 confortamini.
1591 4494 1864 4573 Adhuc
1928 4494 2090 4572 dies
2146 4498 2299 4590 est,
2358 4498 2442 4570 ut
2505 4492 2582 4567 in
2642 4492 2852 4568 Nobe

612 4617 854 4690 stetur
902 4639 919 4692 :
983 4614 1297 4716 agitabit
1350 4638 1663 4691 manum
1720 4639 1935 4690 suam
1995 4638 2222 4716 super
2278 4614 2609 4688 montem
2669 4609 2848 4686 filiae

614 4732 823 4830 Sion,
869 4733 1132 4811 collem
1173 4732 1631 4812 Jerusalem.
