3719 5650
1651 703 1732 716 —-
1832 664 1983 733 *172
2084 701 2180 714 —-

783 829 1005 908 ruina
1060 830 1152 906 ab
1204 827 1634 904 Artaxerxe
1690 824 1902 902 Ocho
1958 821 2028 901 ei
2095 821 2311 899 illata
2376 818 2651 899 sufficit
2703 827 2790 899 ut
2845 847 3028 925 pro-

781 950 1031 1053 phetae
1067 949 1300 1025 verba
1338 945 1437 1023 ad
1474 942 1826 1021 effectum
1863 942 2304 1046 pervenisse
2343 943 2628 1044 pateat.

886 1218 1127 1296 LXX.
1204 1263 1312 1273 --
1388 1214 1650 1293 Prima
1738 1214 2038 1293 Sidonis
2110 1239 2157 1293 a
2229 1213 2655 1291 Philistinis
2730 1239 3021 1292 eversae

778 1339 999 1417 ruina
1062 1361 1341 1441 magno
1407 1334 1551 1412 fuit
1614 1336 1785 1412 urbi
1864 1334 2143 1412 vicinae
2203 1333 2746 1430 emolumento,
2813 1337 3018 1440 Tyro

778 1458 1166 1550 videlicet,
1214 1480 1382 1558 quae
1421 1458 1631 1531 terra
1670 1453 2011 1557 marique
2065 1453 2144 1531 in
2191 1452 2489 1531 Sidonis
2527 1453 2778 1531 locum
2831 1480 3018 1532 suc-

774 1578 1030 1655 cessit.
1096 1577 1346 1679 Tyrus
1372 1632 1391 1670 ,
1438 1600 1516 1655 aa
1554 1572 1798 1667 Tzur,
1845 1574 2063 1674 cujus
2100 1598 2373 1650 nomen
2411 1572 2611 1650 idem
2663 1579 2882 1651 sonat
2926 1598 3014 1651 ac

780 1726 818 1772 «
860 1694 1246 1799 scopuluS,
1288 1723 1326 1767 >
1386 1692 1686 1771 condita
1728 1698 1883 1789 est,
1950 1698 2038 1769 ut
2084 1691 2369 1788 ferunt,
2422 1691 2500 1767 in
2548 1691 2797 1770 insula
2844 1718 3012 1794 quae

768 1815 975 1893 mille
1033 1814 1333 1891 circiter
1390 1836 1749 1914 passuum
1798 1811 1988 1889 freto
2041 1837 2088 1889 a
2140 1818 2349 1888 terra
2406 1811 3004 1912 disjungebatur,

768 1933 876 2011 ita
924 1938 1009 2010 ut
1066 1934 1160 2010 ab
1208 1930 1495 2008 insidiis
1550 1933 1718 2008 tuta
1767 1930 1895 2008 diu
1946 1930 2181 2007 fuerit
2220 1955 2238 2006 ε
2291 1927 2693 2006 orientales
2743 1953 3010 2031 nempe

765 2057 1202 2158 potestateS,
1250 2050 1722 2128 niniviticam
1779 2049 2061 2158 scilicet
2111 2054 2189 2126 et
2236 2048 2779 2152 babylonicam,
2820 2051 3008 2125 vita-

758 2173 918 2268 vit,
976 2196 1114 2250 nec
1162 2170 1411 2274 potuit
1456 2170 1549 2245 ab
1597 2168 2030 2247 Alexandro
2084 2168 2502 2271 oppugnari
2548 2168 2696 2245 nisi
2732 2169 3010 2246 isthmo

760 2296 928 2371 arte
979 2290 1207 2368 facto.

866 2410 1057 2489 Urbi
1097 2435 1263 2513 quae
1300 2410 1380 2486 in
1418 2409 1677 2488 insula
1715 2410 1993 2505 stabat,
2037 2408 2186 2486 alia
2222 2409 2300 2486 in
2339 2408 2753 2487 continenti
2797 2414 3007 2490 terra

757 2531 1204 2625 addebatur,
1274 2555 1440 2634 quae
1505 2553 1794 2606 merces
1850 2528 2351 2606 comitatuum
2421 2525 2542 2633 (1)
2610 2536 3002 2634 susceptas

752 2654 919 2727 tum
982 2648 1084 2727 ad
1147 2656 1685 2752 oeyyptiacum
1754 2647 2018 2725 insulae
2085 2653 2435 2749 portum,
2509 2649 2705 2725 circa
2767 2650 3001 2727 meri-

756 2767 984 2863 diem,
1038 2772 1205 2846 tum
1256 2769 1352 2846 ad
1400 2770 1836 2865 sidonium,
1882 2767 2086 2846 circa
2137 2767 2756 2871 septentrionem,
2809 2768 3004 2848 diri-

755 2890 1007 2990 gebat.
1043 2888 1159 2965 De
1197 2888 1339 2964 hac
1378 2886 1621 2964 altera
1657 2889 1891 2990 Tyr0,
1929 2913 2095 2982 seu,
2134 2896 2221 2964 ut
2261 2886 2507 2981 aiunt,
2543 2887 2990 2991 Palaeter,

752 3008 913 3086 fere
948 3007 1133 3084 nihil
1172 3006 1497 3111 amplius
1534 3007 1889 3085 novimus
1924 3034 1941 3084 ε
1988 3038 2024 3079 «ι
2061 3006 2291 3109 etiam
2328 3009 2616 3110 periere
2655 3009 2922 3103 ruinae,
2954 3041 2988 3081 »

750 3152 1073 3230 quarum
1102 3127 1454 3206 lacunam
1481 3125 1917 3203 testimonia
1938 3125 2472 3204 historicorum
2494 3127 2626 3203 vix
2655 3127 2987 3230 explent.

749 3248 1081 3333 Quidam
1156 3247 1424 3325 docent
1496 3270 1662 3322 eam
1752 3245 2137 3322 maritima
2209 3247 2415 3348 Tyro
2490 3247 2989 3348 antiquiorem

746 3365 1006 3460 fuisse,
1077 3365 1574 3468 nitunturque
1631 3363 1933 3442 cuidam
1977 3364 2497 3441 vetustissimo
2564 3366 2990 3443 Britannici

745 3484 1021 3563 Musaei
1060 3510 1375 3588 paper,
1420 3483 1499 3560 in
1552 3508 1699 3586 quo
1756 3483 1931 3560 ficte
1982 3487 2341 3559 narratur
2392 3483 2539 3560 iter
2584 3485 2677 3561 ab
2726 3509 2989 3589 aegyp-

738 3714 816 3764 De
863 3713 1041 3763 ruinis
1089 3717 1269 3761 tamen
1319 3713 1438 3777 ejus
1484 3711 1597 3761 alia
1638 3717 1719 3761 est
1768 3712 2060 3766 aedificata,
2096 3726 2263 3774 parva
2307 3711 2532 3775 quidem
2573 3712 2666 3762 sed
2701 3716 2933 3764 munita.
2962 3733 2985 3761 ι)

744 3790 828 3853 (Ρ.
854 3792 935 3846 26,
967 3789 1098 3837 edit.
1134 3788 1472 3845 Laurent)....
1524 3788 1600 3837 La
1650 3788 1910 3837 moderne
1960 3786 2128 3835 Sa'ida
2155 3787 2270 3836 doit
2317 3787 2455 3836 donc
2489 3788 2604 3836 etre
2642 3788 2986 3854 considet-ee,

744 3863 923 3913 moins
959 3876 1168 3911 comme
1204 3878 1310 3911 une
1359 3863 1740 3911 continuation
1789 3862 1998 3911 directe
2029 3862 2095 3911 de
2130 3862 2393 3926 l'antiquo
2428 3862 2596 3912 Sidon
2632 3878 2734 3926 que
2773 3878 2983 3914 comme

742 3954 812 3988 un
839 3938 976 4002 petit
1004 3950 1155 3985 amas
1183 3937 1249 3984 de
1288 3937 1528 3986 maisons
1564 3937 1824 3986 sortifiees
1844 3976 1858 4000 ,
1909 3937 2031 4001 qui,
2084 3943 2299 3986 surtout
2345 3937 2542 4000 depuis
2573 3938 2650 3986 les
2676 3939 2984 4000 CroisadeS,

740 4013 867 4063 s’est
895 4012 1065 4062 forme
1093 4018 1291 4060 autom·
1317 4011 1389 4060 du
1421 4018 1544 4073 port
1573 4013 1637 4059 de
1667 4011 1720 4060 la
1751 4012 1934 4061 vieille
1974 4012 2177 4062 villa...
2216 4013 2357 4062 C'est
2392 4028 2500 4061 une
2532 4013 2660 4062 ville
2702 4014 2986 4077 model-ne,

739 4102 866 4137 avec
899 4086 994 4135 des
1025 4084 1207 4133 debris
1253 4086 1527 4149 antiques,
1561 4085 1695 4134 dont
1739 4087 1865 4135 bien
1917 4103 2023 4152 peu
2054 4094 2179 4137 nont
2225 4087 2717 4137 reconnaissables.
2763 4087 2818 4136 Si
2877 4088 2985 4138 l'on

739 4168 963 4226 excepte
1013 4160 1092 4209 les
1124 4159 1361 4212 etet-nelo
1408 4160 1517 4209 suts
1547 4161 1613 4208 de
1651 4160 1910 4211 colonnes
1940 4162 2218 4212 encastres
2245 4161 2380 4211 dans
2408 4161 2486 4211 les
2520 4177 2689 4225 murs,
2727 4163 2806 4212 les
2835 4161 2985 4213 blocs

737 4237 1125 4301 gigantesques
1153 4235 1247 4299 qui
1275 4235 1509 4286 forment
1548 4236 1596 4285 le
1631 4237 1785 4285 vieux
1818 4246 1959 4300 port,
1984 4246 2038 4287 et
2063 4239 2140 4287 les
2171 4238 2425 4288 entailles
2456 4236 2593 4287 dans
2612 4238 2660 4286 le
2683 4253 2775 4288 roc
2801 4239 2895 4302 qui
2926 4254 2984 4288 ae

735 4313 921 4363 voient
942 4327 1013 4362 au
1047 4316 1167 4376 port
1189 4318 1241 4360 et
1265 4310 1402 4360 dans
1429 4310 1561 4367 rite,
1584 4310 1752 4360 Salda
1773 4327 1983 4362 comme
2004 4313 2166 4374 Sour,
2194 4313 2280 4362 n'a
2309 4315 2566 4362 conserve
2589 4312 2879 4363 itu-deusne
2910 4312 2982 4363 du

738 4387 820 4438 sol
851 4401 1082 4451 presque
1114 4401 1295 4435 aucun
1333 4387 1538 4450 veatige
1583 4388 1647 4436 de
1677 4402 1774 4437 son
1820 4391 1975 4451 passe
2005 4387 2318 4453 phenicien.
2360 4411 2376 4428 ·
2417 4387 2631 4447 Restm,
2662 4387 2890 4441 Mis-vion
2918 4389 2983 4440 de

736 4461 1008 4520 Phdnim'e,
1032 4477 1083 4526 p.
1107 4465 1218 4524 36¹,
1244 4463 1355 4510 362.
2959 4524 2962 4527 .

802 4549 868 4614 (1)
901 4547 1122 4599 Pauor
1150 4563 1217 4599 nr
1246 4547 1471 4599 Cmrmz.
1501 4546 1737 4601 Htstoire
1763 4548 1828 4600 dc
1858 4550 1998 4603 [Art
2025 4551 2166 4603 dans
2194 4550 2528 4617 l'anliquite',
2550 4557 2679 4601 tom.
2711 4551 2802 4615 111,
2822 4564 2874 4614 p.
2900 4554 2980 4601 21.
