3719 5650
1634 632 2174 698 —157—

777 816 1290 894 sequeremur,
1337 814 1505 891 quae
1554 812 1824 865 verum
1868 786 2077 864 exitii
2141 785 2419 864 bellum
2456 812 2502 865 a
2547 788 2743 893 Cyro
2792 790 3024 895 baby-

772 910 1035 988 lonicis
1086 909 1530 987 numinibus
1578 906 1879 983 illatum
1923 931 2093 983 esse
2140 909 2488 1009 putabat.
2535 909 2712 985 Tria
2761 912 3022 987 contra

776 1031 989 1108 nobis
1046 1031 1381 1107 notanda
1438 1027 1818 1105 videntur.

734 1162 738 1167 ’
880 1150 961 1255 α)
1002 1149 1401 1253 Prophetae
1433 1147 1551 1224 his
1581 1147 1833 1223 verbis
1870 1145 2217 1223 alludunt
2238 1145 2334 1222 ad
2370 1143 2697 1224 usitatos
2735 1173 3011 1245 mores,

775 1269 1047 1370 quibus
1102 1278 1339 1345 antea
1396 1290 1610 1368 reges
1659 1263 2033 1341 ninivitici
2095 1267 2229 1341 aut
2276 1263 2730 1366 babylonici,
2780 1265 3019 1368 captis

774 1387 1115 1482 urbibuS,
1169 1388 1482 1464 deorum
1549 1382 1785 1487 signis
1835 1383 2343 1486 potiebantur.
2412 1383 2609 1459 Hinc
2659 1385 2754 1462 ab
2807 1410 3016 1491 assy-

774 1507 1001 1583 riacis
1039 1505 1457 1582 artificibus
1500 1501 2037 1580 describuntur
2073 1501 2387 1596 milites,
2424 1501 2552 1603 qui
2590 1506 2885 1580 statuas
2922 1505 3016 1582 ad

773 1629 1216 1722 ornandam,
1265 1631 1352 1704 ut
1408 1625 1514 1703 sic
1566 1624 1838 1719 dicam,
1895 1623 2264 1725 triumphi
2311 1648 2662 1726 pompam
2706 1625 3009 1704 tollunt.
3101 1630 3104 1632 ’

769 1749 817 1825 J
828 1772 957 1825 ure
983 1770 1190 1848 erg0,
1229 1746 1492 1823 eodem
1523 1740 1771 1836 mod0,
1809 1741 2397 1843 prophetaverat
2437 1742 2637 1819 Osee
2662 1768 3007 1839 vaccam,

772 1864 1319 1943 samaritanum
1365 1862 1683 1952 idolum,
1726 1861 1819 1937 ab
1861 1859 2193 1965 Assyriis
2240 1859 2750 1963 abripiendam
2790 1888 2953 1940 esse
2990 1889 3008 1939 ε

779 2013 816 2057 «
859 1985 1150 2061 Vaccas
1207 1983 1603 2060 Bethaven
1652 1978 2047 2056 coluerunt
2087 1978 2548 2057 habitatores
2609 1980 3008 2078 Samariae3

773 2103 952 2205 quia
1001 2102 1197 2180 luxit
1246 2127 1473 2204 super
1536 2125 1711 2177 eum
1768 2098 2090 2202 populus
2157 2101 2367 2202 ejuS,
2422 2103 2497 2178 et
2556 2102 2815 2180 aeditui
2853 2105 3015 2200 eius

773 2250 998 2326 super
1036 2249 1208 2302 eum
1250 2222 1792 2300 exultaverunt
1829 2218 1910 2294 in
1963 2217 2207 2321 gloria
2263 2221 2463 2322 ejuS,
2509 2221 2685 2322 quia
2723 2223 3014 2325 migra-

773 2344 888 2420 vit
956 2343 1052 2420 ab
1127 2367 1215 2420 eo
1243 2401 1262 2437 ,
1347 2339 1715 2443 siquidem
1800 2344 1880 2415 et
1969 2339 2131 2440 ipse
2212 2338 2292 2414 in
2373 2340 2624 2416 Assur
2715 2340 3014 2418 delatus

775 2468 918 2556 est,
1002 2485 1281 2537 munus
1358 2458 1521 2560 regi
1585 2456 1813 2535 ultori
1878 2453 2026 2560 (1).
2080 2487 2114 2529 »
2172 2457 2331 2533 Nec
2404 2457 2623 2535 aliter
2685 2459 3018 2561 loquitur

768 2582 1137 2660 Jeremias
1196 2581 1289 2657 de
1349 2578 1784 2656 vastatione
1845 2576 2389 2682 AEgyptiorum
2453 2577 2905 2680 templorum
2969 2606 3017 2658 a

769 2727 949 2804 rege
976 2698 1662 2778 Nabuchodonosor
1697 2724 1715 2774 ε
1759 2726 1796 2769 «
1833 2697 1934 2773 Et
1963 2697 2363 2775 succendet
2391 2696 2643 2800 ignem
2682 2697 2756 2774 in
2793 2699 3010 2777 delu-

769 2823 928 2901 bris
988 2823 1303 2902 deorum
1361 2818 1709 2925 AEgypti,
1765 2821 1842 2897 et
1906 2820 2298 2897 comburet
2352 2844 2469 2916 ea,
2534 2823 2613 2898 et
2666 2821 3010 2924 captivos

771 2942 993 3020 ducet
1028 2940 1192 3018 illos
1228 2938 1375 3045 (2).
1428 2970 1464 3012 »
1510 2939 1709 3014 Hinc
1764 2938 2182 3041 prophetae,
2219 2963 2454 3038 quum
2491 2938 3013 3018 confusionem

771 3061 937 3140 Beli
990 3067 1065 3138 et
1108 3062 1316 3138 Nebo
1359 3058 1997 3163 praenuntiarent,
2057 3083 2479 3136 sermonem
2535 3060 2871 3138 moribus
2933 3067 3010 3138 et

769 3180 1124 3257 doctrinis
1153 3180 1627 3282 populorum,
1664 3202 1836 3254 cum
1874 3176 2146 3279 quibus
2183 3178 2537 3279 agebant,
2583 3202 3004 3254 accommo-

760 3299 936 3377 dare
986 3301 1471 3377 studuerunt.

860 3418 935 3523 b)
978 3419 1199 3497 Soliti
1249 3424 1467 3497 erant
1526 3417 1826 3522 Assyrii
1871 3421 1948 3494 et
1989 3415 2325 3495 Chaldaei
2372 3415 2689 3518 propriis
2742 3417 3000 3493 numi-

752 3538 973 3615 nibus
1002 3537 1361 3616 victorias
1397 3542 1533 3615 aut
1574 3536 1821 3614 clades
1858 3534 2270 3613 attribuere
2314 3559 2332 3611 :
2375 3559 2527 3611 non
2571 3534 2717 3611 viri
2769 3534 2999 3629 viroS,

754 3655 885 3734 sed
928 3657 1030 3733 dii
1076 3656 1257 3733 deos
1307 3657 1862 3758 impugnabant
1910 3658 1986 3732 et
2022 3652 2463 3747 vincebant3
2529 3653 2798 3732 exinde
2835 3655 3002 3732 hos-

754 3773 947 3849 tium
991 3773 1230 3875 stragi
1269 3777 1576 3874 raptum
1628 3772 2005 3851 addebant
2043 3772 2440 3848 numinum
2479 3797 2741 3850 eorum
2778 3776 3005 3875 prout

754 4038 890 4090 Nam
923 4044 1051 4088 tuuc
1075 4037 1243 4098 idola,
1273 4054 1394 4104 quae
1426 4054 1525 4089 nec
1552 4039 1870 4104 juncturas,
1892 4052 2066 4104 neque
2095 4038 2334 4088 flexibile
2359 4038 2603 4100 dorsum,
2629 4053 2804 4104 neque
2827 4052 3006 4101 genua

755 4115 977 4178 habent,
1020 4115 1315 4168 incurvari
1347 4115 1609 4164 dicuntur
1637 4113 1858 4178 quando
1895 4113 2403 4178 confringuntur....
2435 4113 2577 4171 Quia
2610 4128 2737 4163 vero
2767 4113 2916 4163 idola
2945 4129 3004 4161 ex

757 4204 894 4239 auro
924 4188 1003 4239 vel
1047 4197 1274 4253 argento
1308 4197 1495 4252 erant,
1525 4203 1647 4253 quae
1682 4188 1824 4238 Medi
1853 4195 1908 4238 et
1939 4189 2119 4239 Persae
2145 4189 2352 4238 milites
2394 4204 2498 4238 non
2533 4194 2592 4238 ut
2619 4188 2879 4245 colerent,
2913 4187 3004 4237 sed

759 4264 826 4313 ad
855 4263 994 4314 alios
1021 4279 1151 4315 usus
1172 4264 1508 4325 deferebant,
1539 4278 1604 4313 ea
1638 4271 1697 4314 ut
1731 4263 1931 4314 melius
1958 4262 2158 4314 deferri
2192 4270 2428 4327 possent,
2452 4279 2520 4312 ex
2546 4271 2697 4326 parte
2715 4261 3012 4312 contunde·

757 4339 904 4389 bant.
935 4358 962 4386 »
992 4337 1294 4407 Scriptum
1326 4336 1510 4393 Sacrae
1544 4338 1755 4393 Cursus
1795 4340 2100 4406 completus
2132 4339 2374 4404 (Μίςιιε),
2419 4345 2551 4388 tom.
2578 4337 2772 4410 XVIII,
2804 4352 2857 4401 p.
2895 4342 3003 4387 391.

825 4429 898 4491 (¹)
926 4427 1039 4489 Os„
1068 4442 1117 4490 x,
1146 4430 1194 4490 5,
1226 4431 1274 4478 6.

821 4517 897 4580 (2)
923 4515 1067 4578 sz„
1102 4530 1251 4574 xmn,
1278 4520 1356 4566 12.
