3719 5650
1458 681 1973 750 -163—

696 839 1056 918 Seleucus
1086 841 1399 917 Nicator
1436 840 1720 943 duplici
1775 841 2161 945 proposito
2201 843 2369 920 urbi
2415 842 2831 922 detrimen-

584 964 749 1036 tum
805 959 1167 1062 injunxit,
1233 984 1467 1062 quum
1524 958 1873 1038 Seleucia
1945 963 2041 1039 ad
2110 961 2497 1064 Tigridem
2537 962 2833 1039 condita

585 1079 1001 1180 permultos
1073 1077 1485 1183 Babylonis
1550 1079 1832 1156 incolas
1899 1105 1984 1157 eo
2047 1080 2343 1175 allexit,
2442 1105 2824 1184 quumque

585 1199 981 1300 potestatis
1022 1199 1272 1275 sedem
1300 1198 1778 1276 Antiochiam
1818 1200 2233 1280 transtulit.
2877 1299 2881 1303 ἢ

691 1319 1009 1395 Frustra
1050 1316 1422 1420 Babyloni
1459 1317 1704 1420 magis
1744 1319 2106 1396 benevolo
2158 1321 2407 1397 animo
2469 1320 2616 1398 fuit
2652 1324 2825 1399 An-

584 1435 918 1532 tiochus,
982 1437 1109 1539 qui
1173 1437 1252 1513 in
1308 1436 1644 1539 cylindro
1710 1462 1978 1515 recens
2036 1452 2336 1542 reperto
2403 1446 2727 1517 vocatur
2801 1466 2817 1516 ε

591 1588 629 1630 «
672 1558 1123 1653 Antiochus,
1168 1582 1306 1635 rex
1346 1582 1699 1661 magnuS,
1754 1585 1893 1636 rex
1940 1564 2234 1661 potenS,
2279 1586 2416 1638 rex
2469 1560 2824 1638 multitu-

584 1676 815 1772 dinis,
859 1703 993 1755 rex
1029 1675 1466 1780 Babylonis,
1512 1701 1647 1754 rex
1673 1683 2085 1772 terrarum,
2131 1686 2474 1781 repostor
2500 1676 2825 1780 templo-

585 1820 754 1872 rum
795 1795 1027 1899 Isagil
1059 1800 1140 1875 et
1177 1796 1381 1873 Izida
1419 1794 1566 1900 (l)
1621 1827 1658 1867 »

693 1929 957 2007 Ruina
1010 1929 1245 2032 igitur
1291 1928 1707 2031 Babylonis
1774 1928 2236 2031 pedetentim
2311 1934 2388 2006 et
2439 1929 2651 2031 quasi
2695 1953 2828 2031 per

584 2050 869 2151 gradus
923 2048 1469 2152 complebatur,
1527 2050 1636 2125 ita
1695 2056 1808 2144 ut,
1853 2049 2167 2127 Adriani
2219 2058 2587 2151 tempore,
2638 2054 2827 2125 teste

581 2169 993 2265 Pausania,
1064 2198 1100 2242 ‹<
1149 2182 1491 2256 Βκὸυλῶνες
1548 2183 1607 2244 δὲ
1652 2188 1855 2261 ταύτης
1894 2168 2081 2262 ivre-vx
2127 2180 2239 2245 εἶδε
2296 2187 2518 2247 πέλεων
2553 2190 2658 2245 τῶν
2698 2187 2823 2244 τὲτε

584 2307 845 2385 μεγίστην
910 2306 1097 2381 ἧλιες,
1171 2307 1325 2370 οὖέὲν
1380 2312 1457 2370 ἔτι
1504 2309 1569 2388 ἦν
1612 2308 1659 2371 εἰ
1707 2313 1782 2389 μὴ
1825 2319 2013 2389 τεῖχες
2071 2291 2218 2397 (2).
2265 2324 2300 2367 ²>
2363 2292 2580 2371 Unde
2632 2295 2825 2367 tem·

582 2438 762 2515 pore
818 2413 1207 2491 Strabonis
1255 2417 1590 2518 ejusdem
1647 2420 1980 2497 civitatis
2029 2417 2218 2493 situs
2264 2413 2449 2492 nihil
2487 2412 2690 2490 aliud
2735 2438 2824 2489 ac

582 2531 1036 2610 immensum
1098 2534 1482 2613 desertum
1539 2542 1891 2616 evaserat
1937 2564 1950 2613 :
2025 2565 2062 2608 a<
2130 2543 2374 2633 Ἐρημία
2408 2547 2633 2629 μεγάλη
2679 2545 2818 2607 ἐστὶν

580 2671 615 2744 ἡ
664 2665 890 2747 μεγάλη
945 2667 1111 2738 πόλις
1156 2651 1307 2760 (3).
1362 2686 1397 2726 xv

691 2773 772 2851 S.
819 2772 1147 2875 Cyrillus
1211 2773 1779 2852 Alexandrinus
1836 2778 2160 2853 testatur
2243 2777 2583 2876 tempore
2645 2796 2811 2867 suc,

581 2893 841 2996 quinto
880 2918 1148 2996 nempe
1186 2893 1496 2970 ineunte
1533 2894 1807 2972 saeculo
1850 2900 2020 2998 post
2070 2893 2464 2972 Christum
2500 2897 2801 2985 natum,

578 3014 686 3089 ita
755 3013 1177 3089 obstructas
1216 3038 1380 3089 esse
1442 3014 1847 3116 Euphratis
1926 3013 2476 3107 derivatione8‚
2521 3017 2607 3087 ut
2670 3013 2818 3087 Ba-

581 3131 833 3236 bylon,
880 3132 1097 3233 quasi
1136 3133 1400 3234 ingens
1429 3133 1645 3235 palus
1683 3134 1882 3211 sacta
1906 3133 2054 3238 (4),
2091 3134 2310 3211 Isaiae
2359 3139 2432 3209 et
2467 3129 2812 3209 Jeremiae

577 3252 972 3331 veritatem
1010 3250 1429 3328 declararet
1473 3279 1490 3329 ε
1545 3283 1581 3325 ‹
1614 3255 1712 3329 Et
1753 3279 2027 3356 ponam
2082 3278 2345 3329 eam...
2394 3253 2471 3327 in
2509 3247 2815 3353 paludes

574 3394 943 3472 aquarum
972 3367 1116 3473 (5).
1158 3400 1192 3439 ›
1228 3417 1319 3427 -
1360 3401 1395 3443 ‹<
1418 3374 1778 3449 Ascendit
1807 3400 2032 3475 super
2065 3372 2533 3471 Babylonem
2569 3393 2808 3458 marc,

574 3486 1062 3565 multitudine
1100 3489 1467 3566 fluctuum
1511 3492 1675 3592 ejus
1720 3497 1986 3594 operta
2024 3497 2138 3568 est
2166 3491 2306 3595 (6).
2363 3521 2398 3561 »

630 3694 710 3754 (¹)
730 3692 805 3741 De
826 3692 928 3740 hac
951 3691 1143 3740 ultima
1166 3693 1457 3755 Babylonis
1486 3694 1739 3753 historia,
1766 3695 1839 3744 cf.
1876 3704 2126 3745 auctores
2150 3697 2268 3759 jam
2298 3693 2584 3742 laudatos:
2618 3691 2812 3752 Suos,

564 3767 723 3820 Fresh
766 3767 925 3833 Liqltt
966 3769 1107 3832 from
1143 3767 1228 3820 tlte
1257 3771 1492 3822 Ancicnt
1526 3771 1896 3830 Monuments,
1932 3773 2018 3822 ch.
2050 3787 2136 3827 vn,
2171 3769 2667 3823 Nebucltadrezzar
2697 3769 2812 3819 and

568 3844 763 3904 cyrus.
790 3868 851 3878 —
888 3842 945 3890 Ε
982 3845 1045 3892 Α.
1082 3842 1292 3900 Bonos.
1327 3844 1671 3906 Babylonica
1711 3847 1810 3908 life
1852 3846 1967 3896 and
2011 3846 2242 3910 llis-lory,
2291 3848 2376 3898 ch.
2423 3861 2527 3899 vn.
2567 3845 2813 3908 Babylon

562 3914 743 3966 under
764 3915 850 3965 the
880 3917 1001 3967 rule
1034 3916 1198 3981 osche
1228 3918 1487 3969 Persium
1518 3918 1633 3969 and
1667 3924 1826 3970 unlcr
1850 3919 2128 3972 Seleucus.

626 4003 702 4065 (2)
730 4003 1047 4060 ΡΛυεΑΝιΛε,
1076 4003 1170 4054 lib.
1203 4020 1303 4069 vn,
1334 4021 1454 4070 cap.
1478 4022 1664 4058 xxxin.

623 4096 692 4153 (3)
728 4091 960 4149 ὃτιὶΑΒο,
996 4091 1091 4142 lib.
1122 4108 1232 4149 xvi,
1259 4100 1330 4144 ¹5.

623 4181 699 4242 (¹0)
734 4180 997 4231 Cranaos
1027 4183 1328 4233 Auximon
1353 4222 1369 4248 ,
1402 4201 1489 4250 ap.
1522 4187 1946 4250 Knabenbauer,
1981 4192 2042 4243 in
2071 4194 2157 4253 Is„
2192 4207 2224 4249 ι,
2260 4210 2305 4252 p.
2337 4195 2425 4241 827
2463 4208 2489 4235 «
2519 4228 2528 4237 .
2558 4224 2572 4239 .
2594 4197 2651 4238 ut
2685 4202 2805 4252 quae

563 4256 714 4317 regio
731 4255 862 4303 olim
888 4255 1038 4304 clara
1056 4265 1110 4305 et
1133 4257 1493 4309 celeberrima
1520 4272 1659 4321 erat,
1678 4271 1732 4313 et
1760 4265 2103 4331 reliquarum
2123 4267 2317 4330 regina
2338 4276 2391 4314 et
2410 4263 2809 4328 gloriosissima

560 4329 867 4389 diceb‘ssur»
900 4344 966 4379 ea
996 4330 1096 4379 luti
1138 4331 1460 4384 barathrum
1501 4350 1561 4387 ac
1611 4349 1806 4402 puteus
1842 4342 2097 4391 evaderet
2133 4340 2514 4391 corruentibus
2547 4338 2600 4387 in
2635 4337 2810 4401 perdi-

561 4403 788 4452 tionem.
819 4423 843 4448 ι»

624 4491 687 4551 (5)
721 4490 817 4547 12..
840 4505 951 4550 xnv,
984 4494 1061 4542 23.

623 4577 689 4639 (6)
724 4576 863 4639 Jim„
895 4593 961 4636 m,
984 4582 1064 4628 42.
